[{
  "_id": {
    "$oid": "66f3a062d23ade1eec55f820"
  },
  "unique_id": "5111942",
  "product_name": "Bergspitz Pralinen",
  "brand": "Chocarré Suisse",
  "regular_price": 9.99,
  "selling_price": 9.99,
  "price_per_unit": "pro 108g | 100g = 9.25 CHF",
  "breadcrumb": "Sortiment > Sortiment > Bergspitz Pralinen",
  "pdp_url": "https://sortiment.lidl.ch/de/bergspitz-pralinen-5111942",
  "product_description": "Artikelnr.: 5111942",
  "producthierarchy_level1": "Sortiment",
  "producthierarchy_level2": "Sortiment",
  "producthierarchy_level3": "Bergspitz Pralinen",
  "producthierarchy_level4": "",
  "producthierarchy_level5": "",
  "producthierarchy_level6": "",
  "producthierarchy_level7": "",
  "currency": "Swiss franc",
  "file_name_1": "5111942_1.jpg",
  "image_url_1": "https://sortiment.lidl.ch/media/catalog/product/cache/38c728e59b3a47950872534eff8a1e63/5/1/5111942_ChocarreSuisse_BergspitzPralinen_PSXX.jpg"
},
{
  "_id": {
    "$oid": "66f3a063d23ade1eec55f821"
  },
  "unique_id": "191691",
  "product_name": "High Protein Milchreis",
  "brand": "Milbona",
  "regular_price": 1.19,
  "selling_price": 1.19,
  "price_per_unit": "pro 200g | 100g = 0.60 CHF",
  "breadcrumb": "Sortiment > Sortiment > High Protein Milchreis",
  "pdp_url": "https://sortiment.lidl.ch/de/high-protein-milchreis-0191691",
  "product_description": "Artikelnr.: 191691",
  "producthierarchy_level1": "Sortiment",
  "producthierarchy_level2": "Sortiment",
  "producthierarchy_level3": "High Protein Milchreis",
  "producthierarchy_level4": "",
  "producthierarchy_level5": "",
  "producthierarchy_level6": "",
  "producthierarchy_level7": "",
  "currency": "Swiss franc",
  "file_name_1": "191691_1.jpg",
  "image_url_1": "https://sortiment.lidl.ch/media/catalog/product/cache/38c728e59b3a47950872534eff8a1e63/1/9/191691_Klassik_PSXX.jpg",
  "file_name_2": "191691_2.jpg",
  "image_url_2": "https://sortiment.lidl.ch/media/catalog/product/cache/38c728e59b3a47950872534eff8a1e63/1/9/191691_Schoko-Banane_PSXX.jpg",
  "file_name_3": "191691_3.jpg",
  "image_url_3": "https://sortiment.lidl.ch/media/catalog/product/cache/38c728e59b3a47950872534eff8a1e63/1/9/191691_Schoko_PSXX.jpg",
  "file_name_4": "191691_4.jpg",
  "image_url_4": "https://sortiment.lidl.ch/media/catalog/product/cache/38c728e59b3a47950872534eff8a1e63/1/9/191691_Vanille_PSXX.jpg"
},
{
  "_id": {
    "$oid": "66f3a065d23ade1eec55f822"
  },
  "unique_id": "28673",
  "product_name": "Nusskernmischung",
  "brand": "Alesto Selection",
  "regular_price": 2.99,
  "selling_price": 2.99,
  "price_per_unit": "pro 200g | 100g = 1.50 CHF",
  "breadcrumb": "Sortiment > Sortiment > Nusskernmischung",
  "pdp_url": "https://sortiment.lidl.ch/de/nusskernmischung-0028673",
  "product_description": "Artikelnr.: 28673",
  "producthierarchy_level1": "Sortiment",
  "producthierarchy_level2": "Sortiment",
  "producthierarchy_level3": "Nusskernmischung",
  "producthierarchy_level4": "",
  "producthierarchy_level5": "",
  "producthierarchy_level6": "",
  "producthierarchy_level7": "",
  "currency": "Swiss franc",
  "file_name_1": "28673_1.jpg",
  "image_url_1": "https://sortiment.lidl.ch/media/catalog/product/cache/38c728e59b3a47950872534eff8a1e63/2/8/28673_PSXX_1.jpg"
},
{
  "_id": {
    "$oid": "66f3a066d23ade1eec55f823"
  },
  "unique_id": "5111454",
  "product_name": "Krusten-Baguettino",
  "brand": "Terra Natura",
  "regular_price": 0.99,
  "selling_price": 0.99,
  "price_per_unit": "pro 130g | 100g = 0.77 CHF",
  "breadcrumb": "Sortiment > Sortiment > Krusten-Baguettino",
  "pdp_url": "https://sortiment.lidl.ch/de/krusten-baguettino-5111454",
  "product_description": "Artikelnr.: 5111454 Weizenbaguette. Zutaten: 48,5% Halbweissmehl ( Weizen ), Wasser, 6,8% Roggenmehl , 1,5% Vollkornweizenmehl , Speisesalz, geröstetes Gerstenmalz , Hefe, Acerolafruchtpulver. Kann Spuren von Ei, Erdnüsse, Soja, Milch, Schalenfrüchte (Nüsse), Sellerie, Senf, Sesam und Sulfiten enthalten. Hergestellt in der Schweiz.",
  "producthierarchy_level1": "Sortiment",
  "producthierarchy_level2": "Sortiment",
  "producthierarchy_level3": "Krusten-Baguettino",
  "producthierarchy_level4": "",
  "producthierarchy_level5": "",
  "producthierarchy_level6": "",
  "producthierarchy_level7": "",
  "currency": "Swiss franc",
  "file_name_1": "5111454_1.jpg",
  "image_url_1": "https://sortiment.lidl.ch/media/catalog/product/cache/38c728e59b3a47950872534eff8a1e63/5/1/5111454_FKBF.jpg"
},
{
  "_id": {
    "$oid": "66f3a067d23ade1eec55f824"
  },
  "unique_id": "194555",
  "product_name": "High Protein Reibkäse",
  "brand": "Milbona",
  "regular_price": 2.99,
  "selling_price": 2.99,
  "price_per_unit": "pro 200g | 100g = 1.50 CHF",
  "breadcrumb": "Sortiment > Sortiment > High Protein Reibkäse",
  "pdp_url": "https://sortiment.lidl.ch/de/high-protein-reibkaese-0194555",
  "product_description": "Artikelnr.: 194555",
  "producthierarchy_level1": "Sortiment",
  "producthierarchy_level2": "Sortiment",
  "producthierarchy_level3": "High Protein Reibkäse",
  "producthierarchy_level4": "",
  "producthierarchy_level5": "",
  "producthierarchy_level6": "",
  "producthierarchy_level7": "",
  "currency": "Swiss franc",
  "file_name_1": "194555_1.jpg",
  "image_url_1": "https://sortiment.lidl.ch/media/amasty/amoptmobile/catalog/product/cache/38c728e59b3a47950872534eff8a1e63/1/9/194555_PSXX.jpg"
},
{
  "_id": {
    "$oid": "66f3a068d23ade1eec55f825"
  },
  "unique_id": "5112010",
  "product_name": "Branches classic",
  "brand": "Chocarré Suisse",
  "regular_price": 3.99,
  "selling_price": 3.99,
  "price_per_unit": "pro 227g | 100g = 1.76 CHF",
  "breadcrumb": "Sortiment > Sortiment > Branches classic",
  "pdp_url": "https://sortiment.lidl.ch/de/branches-classic-5112010",
  "product_description": "Artikelnr.: 5112010",
  "producthierarchy_level1": "Sortiment",
  "producthierarchy_level2": "Sortiment",
  "producthierarchy_level3": "Branches classic",
  "producthierarchy_level4": "",
  "producthierarchy_level5": "",
  "producthierarchy_level6": "",
  "producthierarchy_level7": "",
  "currency": "Swiss franc",
  "file_name_1": "5112010_1.jpg",
  "image_url_1": "https://sortiment.lidl.ch/media/catalog/product/cache/38c728e59b3a47950872534eff8a1e63/5/1/5112010_chocarresuisse_brancheclassic_PSXX.jpg"
},
{
  "_id": {
    "$oid": "66f3a069d23ade1eec55f826"
  },
  "unique_id": "5111765",
  "product_name": "Weinländer Kräuterzauber",
  "brand": "Fromani typisch",
  "regular_price": 3.99,
  "selling_price": 3.99,
  "price_per_unit": "pro 185g | 100g = 2.16 CHF",
  "breadcrumb": "Sortiment > Sortiment > Weinländer Kräuterzauber",
  "pdp_url": "https://sortiment.lidl.ch/de/weinlaender-kraeuterzauber-5111765",
  "product_description": "Artikelnr.: 5111765",
  "producthierarchy_level1": "Sortiment",
  "producthierarchy_level2": "Sortiment",
  "producthierarchy_level3": "Weinländer Kräuterzauber",
  "producthierarchy_level4": "",
  "producthierarchy_level5": "",
  "producthierarchy_level6": "",
  "producthierarchy_level7": "",
  "currency": "Swiss franc",
  "file_name_1": "5111765_1.jpg",
  "image_url_1": "https://sortiment.lidl.ch/media/catalog/product/cache/38c728e59b3a47950872534eff8a1e63/5/1/5111765_kraeuterzauber_PSXX.jpg"
},
{
  "_id": {
    "$oid": "66f3a06ad23ade1eec55f827"
  },
  "unique_id": "77775",
  "product_name": "Salami Sticks",
  "brand": "Dulano Selection",
  "regular_price": 3.49,
  "selling_price": 3.49,
  "price_per_unit": "pro 100g",
  "breadcrumb": "Sortiment > Sortiment > Salami Sticks",
  "pdp_url": "https://sortiment.lidl.ch/de/salami-sticks-0077775",
  "product_description": "Artikelnr.: 77775",
  "producthierarchy_level1": "Sortiment",
  "producthierarchy_level2": "Sortiment",
  "producthierarchy_level3": "Salami Sticks",
  "producthierarchy_level4": "",
  "producthierarchy_level5": "",
  "producthierarchy_level6": "",
  "producthierarchy_level7": "",
  "currency": "Swiss franc",
  "file_name_1": "77775_1.jpg",
  "image_url_1": "https://sortiment.lidl.ch/media/catalog/product/cache/38c728e59b3a47950872534eff8a1e63/7/7/77775_Classic_PSXX.jpg",
  "file_name_2": "77775_2.jpg",
  "image_url_2": "https://sortiment.lidl.ch/media/catalog/product/cache/38c728e59b3a47950872534eff8a1e63/7/7/77775_scharf_PSXX_1.jpg"
},
{
  "_id": {
    "$oid": "66f3a06bd23ade1eec55f828"
  },
  "unique_id": "5003343",
  "product_name": "Bier Alkoholfrei",
  "brand": "Finkbräu",
  "regular_price": 0.59,
  "selling_price": 0.59,
  "price_per_unit": "pro 0,5l | 1L = 1.18 CHF",
  "breadcrumb": "Sortiment > Sortiment > Bier Alkoholfrei",
  "pdp_url": "https://sortiment.lidl.ch/de/bier-alkoholfrei-5003343",
  "product_description": "Artikelnr.: 5003343",
  "producthierarchy_level1": "Sortiment",
  "producthierarchy_level2": "Sortiment",
  "producthierarchy_level3": "Bier Alkoholfrei",
  "producthierarchy_level4": "",
  "producthierarchy_level5": "",
  "producthierarchy_level6": "",
  "producthierarchy_level7": "",
  "currency": "Swiss franc",
  "file_name_1": "5003343_1.jpg",
  "image_url_1": "https://sortiment.lidl.ch/media/catalog/product/cache/38c728e59b3a47950872534eff8a1e63/5/0/5003343_Finbraeu_alkoholfrei_ktipp_PSXX.jpg",
  "file_name_2": "5003343_2.jpg",
  "image_url_2": "https://sortiment.lidl.ch/media/catalog/product/cache/38c728e59b3a47950872534eff8a1e63/5/0/5003343_Kolli_PSXX.jpg"
},
{
  "_id": {
    "$oid": "66f3a06cd23ade1eec55f829"
  },
  "unique_id": "5105014",
  "product_name": "Frisch-Fondue Moitié-Moitié",
  "brand": "Fromani",
  "regular_price": 10.99,
  "selling_price": 10.99,
  "price_per_unit": "pro 500g | 100g = 2.20 CHF",
  "breadcrumb": "Sortiment > Sortiment > Frisch-Fondue Moitié-Moitié",
  "pdp_url": "https://sortiment.lidl.ch/de/frisch-fondue-moitie-moitie-5105014",
  "product_description": "Artikelnr.: 5105014",
  "producthierarchy_level1": "Sortiment",
  "producthierarchy_level2": "Sortiment",
  "producthierarchy_level3": "Frisch-Fondue Moitié-Moitié",
  "producthierarchy_level4": "",
  "producthierarchy_level5": "",
  "producthierarchy_level6": "",
  "producthierarchy_level7": "",
  "currency": "Swiss franc",
  "file_name_1": "5105014_1.jpg",
  "image_url_1": "https://sortiment.lidl.ch/media/catalog/product/cache/38c728e59b3a47950872534eff8a1e63/5/1/5105014_PSXX.jpg"
},
{
  "_id": {
    "$oid": "66f3a06dd23ade1eec55f82a"
  },
  "unique_id": "5109964",
  "product_name": "Bio Weiderind Minutenplätzli",
  "brand": "Bonvalle",
  "regular_price": 4.99,
  "selling_price": 4.99,
  "price_per_unit": "pro 100g, ca. 180-220g",
  "breadcrumb": "Sortiment > Sortiment > Bio Weiderind Minutenplätzli",
  "pdp_url": "https://sortiment.lidl.ch/de/bio-weiderind-minutenplaetzli-5109964",
  "product_description": "Artikelnr.: 5109964",
  "producthierarchy_level1": "Sortiment",
  "producthierarchy_level2": "Sortiment",
  "producthierarchy_level3": "Bio Weiderind Minutenplätzli",
  "producthierarchy_level4": "",
  "producthierarchy_level5": "",
  "producthierarchy_level6": "",
  "producthierarchy_level7": "",
  "currency": "Swiss franc",
  "file_name_1": "5109964_1.jpg",
  "image_url_1": "https://sortiment.lidl.ch/media/amasty/amoptmobile/catalog/product/cache/38c728e59b3a47950872534eff8a1e63/5/1/5109964_FKBF.jpg",
  "file_name_2": "5109964_2.jpg",
  "image_url_2": "https://sortiment.lidl.ch/media/catalog/product/cache/38c728e59b3a47950872534eff8a1e63/5/1/5109964_PSXX.jpg"
},
{
  "_id": {
    "$oid": "66f3a06ed23ade1eec55f82b"
  },
  "unique_id": "29753",
  "product_name": "Glasreiniger",
  "brand": "W5",
  "regular_price": 1.45,
  "selling_price": 1.45,
  "price_per_unit": "pro 1000ml",
  "breadcrumb": "Sortiment > Sortiment > Glasreiniger",
  "pdp_url": "https://sortiment.lidl.ch/de/glasreiniger-0029753",
  "product_description": "Artikelnr.: 29753",
  "producthierarchy_level1": "Sortiment",
  "producthierarchy_level2": "Sortiment",
  "producthierarchy_level3": "Glasreiniger",
  "producthierarchy_level4": "",
  "producthierarchy_level5": "",
  "producthierarchy_level6": "",
  "producthierarchy_level7": "",
  "currency": "Swiss franc",
  "file_name_1": "29753_1.jpg",
  "image_url_1": "https://sortiment.lidl.ch/media/catalog/product/cache/38c728e59b3a47950872534eff8a1e63/2/9/29753_Classic_PSXX_1.jpg",
  "file_name_2": "29753_2.jpg",
  "image_url_2": "https://sortiment.lidl.ch/media/catalog/product/cache/38c728e59b3a47950872534eff8a1e63/2/9/29753_Zitronenfrische_PSXX_1.jpg"
},
{
  "_id": {
    "$oid": "66f3a06fd23ade1eec55f82c"
  },
  "unique_id": "5110979",
  "product_name": "Terra Natura Butterbrezel",
  "brand": "",
  "regular_price": 1.59,
  "selling_price": 1.59,
  "price_per_unit": "pro 70g | 100g = 2.28 CHF",
  "breadcrumb": "Sortiment > Sortiment > Terra Natura Butterbrezel",
  "pdp_url": "https://sortiment.lidl.ch/de/terra-natura-butterbrezel-5110979",
  "product_description": "Artikelnr.: 5110979",
  "producthierarchy_level1": "Sortiment",
  "producthierarchy_level2": "Sortiment",
  "producthierarchy_level3": "Terra Natura Butterbrezel",
  "producthierarchy_level4": "",
  "producthierarchy_level5": "",
  "producthierarchy_level6": "",
  "producthierarchy_level7": "",
  "currency": "Swiss franc",
  "file_name_1": "5110979_1.jpg",
  "image_url_1": "https://sortiment.lidl.ch/media/catalog/product/cache/38c728e59b3a47950872534eff8a1e63/5/1/5110979_FKBF.jpg"
},
{
  "_id": {
    "$oid": "66f3a070d23ade1eec55f82d"
  },
  "unique_id": "151217",
  "product_name": "Montepulciano d'Abruzzo DOC",
  "brand": "Chiaravita",
  "regular_price": 2.95,
  "selling_price": 2.95,
  "price_per_unit": "pro 0,75l | 1L = 3.94 CHF",
  "breadcrumb": "Sortiment > Sortiment > Montepulciano d'Abruzzo DOC",
  "pdp_url": "https://sortiment.lidl.ch/de/montepulciano-d-abruzzo-doc-0151217",
  "product_description": "Artikelnr.: 151217",
  "producthierarchy_level1": "Sortiment",
  "producthierarchy_level2": "Sortiment",
  "producthierarchy_level3": "Montepulciano d'Abruzzo DOC",
  "producthierarchy_level4": "",
  "producthierarchy_level5": "",
  "producthierarchy_level6": "",
  "producthierarchy_level7": "",
  "currency": "Swiss franc",
  "file_name_1": "151217_1.jpg",
  "image_url_1": "https://sortiment.lidl.ch/media/amasty/amoptmobile/catalog/product/cache/38c728e59b3a47950872534eff8a1e63/1/5/151217_PSWE.jpg"
},
{
  "_id": {
    "$oid": "66f3a071d23ade1eec55f82e"
  },
  "unique_id": "28788",
  "product_name": "Crème Dessert",
  "brand": "Milbona",
  "regular_price": 1.49,
  "selling_price": 1.49,
  "price_per_unit": "pro 4x125g | 100g = 0.30 CHF",
  "breadcrumb": "Sortiment > Sortiment > Crème Dessert",
  "pdp_url": "https://sortiment.lidl.ch/de/creme-dessert-0028788",
  "product_description": "Artikelnr.: 28788",
  "producthierarchy_level1": "Sortiment",
  "producthierarchy_level2": "Sortiment",
  "producthierarchy_level3": "Crème Dessert",
  "producthierarchy_level4": "",
  "producthierarchy_level5": "",
  "producthierarchy_level6": "",
  "producthierarchy_level7": "",
  "currency": "Swiss franc",
  "file_name_1": "28788_1.jpg",
  "image_url_1": "https://sortiment.lidl.ch/media/catalog/product/cache/38c728e59b3a47950872534eff8a1e63/2/8/28788_Schokolade_PSXX.jpg",
  "file_name_2": "28788_2.jpg",
  "image_url_2": "https://sortiment.lidl.ch/media/catalog/product/cache/38c728e59b3a47950872534eff8a1e63/2/8/28788_Vanille_PSXX.jpg"
},
{
  "_id": {
    "$oid": "66f3a072d23ade1eec55f82f"
  },
  "unique_id": "139011",
  "product_name": "Bio Chia Samen",
  "brand": "Golden Sun",
  "regular_price": 2.45,
  "selling_price": 2.45,
  "price_per_unit": "pro 300g | 100g = 0.82 CHF",
  "breadcrumb": "Sortiment > Sortiment > Bio Chia Samen",
  "pdp_url": "https://sortiment.lidl.ch/de/bio-chia-samen-0139011",
  "product_description": "Artikelnr.: 139011",
  "producthierarchy_level1": "Sortiment",
  "producthierarchy_level2": "Sortiment",
  "producthierarchy_level3": "Bio Chia Samen",
  "producthierarchy_level4": "",
  "producthierarchy_level5": "",
  "producthierarchy_level6": "",
  "producthierarchy_level7": "",
  "currency": "Swiss franc",
  "file_name_1": "139011_1.jpg",
  "image_url_1": "https://sortiment.lidl.ch/media/catalog/product/cache/38c728e59b3a47950872534eff8a1e63/1/3/139011_PSXX.jpg"
},
{
  "_id": {
    "$oid": "66f3a073d23ade1eec55f830"
  },
  "unique_id": "31322",
  "product_name": "Spezialbier",
  "brand": "Perlenbacher",
  "regular_price": 0.69,
  "selling_price": 0.69,
  "price_per_unit": "pro 0,5l | 1L = 1.38 CHF",
  "breadcrumb": "Sortiment > Sortiment > Spezialbier",
  "pdp_url": "https://sortiment.lidl.ch/de/spezialbier-0031322",
  "product_description": "Artikelnr.: 31322",
  "producthierarchy_level1": "Sortiment",
  "producthierarchy_level2": "Sortiment",
  "producthierarchy_level3": "Spezialbier",
  "producthierarchy_level4": "",
  "producthierarchy_level5": "",
  "producthierarchy_level6": "",
  "producthierarchy_level7": "",
  "currency": "Swiss franc",
  "file_name_1": "31322_1.jpg",
  "image_url_1": "https://sortiment.lidl.ch/media/catalog/product/cache/38c728e59b3a47950872534eff8a1e63/3/1/31322_PSXX.jpg"
},
{
  "_id": {
    "$oid": "66f3a074d23ade1eec55f831"
  },
  "unique_id": "6714",
  "product_name": "Naturjoghurt griechischer Art",
  "brand": "Milbona",
  "regular_price": 4.19,
  "selling_price": 4.19,
  "price_per_unit": "pro 1kg",
  "breadcrumb": "Sortiment > Sortiment > Naturjoghurt griechischer Art",
  "pdp_url": "https://sortiment.lidl.ch/de/naturjoghurt-griechischer-art-0006714",
  "product_description": "Artikelnr.: 6714",
  "producthierarchy_level1": "Sortiment",
  "producthierarchy_level2": "Sortiment",
  "producthierarchy_level3": "Naturjoghurt griechischer Art",
  "producthierarchy_level4": "",
  "producthierarchy_level5": "",
  "producthierarchy_level6": "",
  "producthierarchy_level7": "",
  "currency": "Swiss franc",
  "file_name_1": "6714_1.jpg",
  "image_url_1": "https://sortiment.lidl.ch/media/catalog/product/cache/38c728e59b3a47950872534eff8a1e63/6/7/6714_PSXX.jpg"
},
{
  "_id": {
    "$oid": "66f3a075d23ade1eec55f832"
  },
  "unique_id": "31321",
  "product_name": "Lagerbier",
  "brand": "Finkbräu",
  "regular_price": 0.59,
  "selling_price": 0.59,
  "price_per_unit": "pro 0,5l | 1L = 1.18 CHF",
  "breadcrumb": "Sortiment > Sortiment > Lagerbier",
  "pdp_url": "https://sortiment.lidl.ch/de/lagerbier-0031321",
  "product_description": "Artikelnr.: 31321",
  "producthierarchy_level1": "Sortiment",
  "producthierarchy_level2": "Sortiment",
  "producthierarchy_level3": "Lagerbier",
  "producthierarchy_level4": "",
  "producthierarchy_level5": "",
  "producthierarchy_level6": "",
  "producthierarchy_level7": "",
  "currency": "Swiss franc",
  "file_name_1": "31321_1.jpg",
  "image_url_1": "https://sortiment.lidl.ch/media/amasty/amoptmobile/catalog/product/cache/38c728e59b3a47950872534eff8a1e63/3/1/31321_PSXX.jpg"
},
{
  "_id": {
    "$oid": "66f3a076d23ade1eec55f833"
  },
  "unique_id": "25808",
  "product_name": "Maasdamer Scheiben",
  "brand": "Milbona",
  "regular_price": 2.53,
  "selling_price": 2.53,
  "price_per_unit": "pro 300g | 100g = 0.85 CHF",
  "breadcrumb": "Sortiment > Sortiment > Maasdamer Scheiben",
  "pdp_url": "https://sortiment.lidl.ch/de/maasdamer-scheiben-0025808",
  "product_description": "Artikelnr.: 25808",
  "producthierarchy_level1": "Sortiment",
  "producthierarchy_level2": "Sortiment",
  "producthierarchy_level3": "Maasdamer Scheiben",
  "producthierarchy_level4": "",
  "producthierarchy_level5": "",
  "producthierarchy_level6": "",
  "producthierarchy_level7": "",
  "currency": "Swiss franc",
  "file_name_1": "25808_1.jpg",
  "image_url_1": "https://sortiment.lidl.ch/media/catalog/product/cache/38c728e59b3a47950872534eff8a1e63/2/5/25808_PSXX.jpg"
},
{
  "_id": {
    "$oid": "66f3a077d23ade1eec55f834"
  },
  "unique_id": "5108143",
  "product_name": "Bio Butterzopf",
  "brand": "",
  "regular_price": 2.69,
  "selling_price": 2.69,
  "price_per_unit": "pro 300g | 100g = 0.90 CHF",
  "breadcrumb": "Sortiment > Sortiment > Bio Butterzopf",
  "pdp_url": "https://sortiment.lidl.ch/de/bio-butterzopf-5108143",
  "product_description": "Artikelnr.: 5108143 Bio Butterzopf Zuaten: 52,5% Weizenmehl *, Wasser, 7% Butter *, 2,5% Magerquark *, Backhefe*, Vollei *, Magermilchpulver *, Speisesalz, Vollmilchpulver *, Weizengluten *, Sauerteig getrocknet ( Weizen*, Roggen*, Vollkornweizen*),  Gerstenmalzmehl*,  Weizenprotein* , Milchprotein *, Acerolafruchtpulver (auf Maltodextrin). Kann Spuren von Erdnüsse, Soja, Schalenfrüchte (Nüsse), Sellerie, Senf, Sesam und Sulfiten enthalten . *aus biologischer Landwirtschaft. Hergestellt in der Schweiz.",
  "producthierarchy_level1": "Sortiment",
  "producthierarchy_level2": "Sortiment",
  "producthierarchy_level3": "Bio Butterzopf",
  "producthierarchy_level4": "",
  "producthierarchy_level5": "",
  "producthierarchy_level6": "",
  "producthierarchy_level7": "",
  "currency": "Swiss franc",
  "file_name_1": "5108143_1.jpg",
  "image_url_1": "https://sortiment.lidl.ch/media/catalog/product/cache/38c728e59b3a47950872534eff8a1e63/5/1/5108143_FKBF_1.jpg"
},
{
  "_id": {
    "$oid": "66f3a078d23ade1eec55f835"
  },
  "unique_id": "5104962",
  "product_name": "Vanillestange",
  "brand": "",
  "regular_price": 0.99,
  "selling_price": 0.69,
  "price_per_unit": "pro 80g | 100g = 0.87 CHF",
  "breadcrumb": "Sortiment > Sortiment > Vanillestange",
  "pdp_url": "https://sortiment.lidl.ch/de/vanillestange-5104962",
  "product_description": "Artikelnr.: 5104962 Vanillestange Zutaten: Blätterteig ( Weizenmehl , Pflanzenmargarine [Rapsöl, Rapsöl ganz gehärtet, Wasser, Olivenöl, Emulgator: Mono- und Diglyceride von Speisefettsäuren, Säuerungsmittel: Citronensäure], Wasser, Weizenprotein , Speisesalz jodiert (Speisesalz, Kaliumiodat), Gerstenmalzmehl ), Wasser, 13% Cremepulver mit Vanillegeschmack (Zucker, modifizierte Kartoffelstärke, Magermilchpulver , Weizenstärke, Verdickungsmittel: Natriumalginat, Stabilisatoren: Diphosphate, Calciumsulfat, Vanille Aroma, Farbstoff: Carotin, Vanillesamen), Weizenmehl , Zucker, pflanzliches Protein (Erbsen), Weizengluten , Weizenmalzmehl , Maisstärke, Dextrose. Kann Spuren von Ei, Erdnüsse, Soja, Schalenfrüchte (Nüsse), Sellerie, Senf, Sesam und Sulfiten enthalten. Hergestellt in der Schweiz.",
  "producthierarchy_level1": "Sortiment",
  "producthierarchy_level2": "Sortiment",
  "producthierarchy_level3": "Vanillestange",
  "producthierarchy_level4": "",
  "producthierarchy_level5": "",
  "producthierarchy_level6": "",
  "producthierarchy_level7": "",
  "currency": "Swiss franc",
  "file_name_1": "5104962_1.jpg",
  "image_url_1": "https://sortiment.lidl.ch/media/catalog/product/cache/38c728e59b3a47950872534eff8a1e63/5/1/5104962_FKBF.jpg"
},
{
  "_id": {
    "$oid": "66f3a079d23ade1eec55f836"
  },
  "unique_id": "158955",
  "product_name": "Protein Mix mit Nüssen",
  "brand": "Alesto",
  "regular_price": 2.25,
  "selling_price": 2.25,
  "price_per_unit": "pro 150g | 100g = 1.50 CHF",
  "breadcrumb": "Sortiment > Sortiment > Protein Mix mit Nüssen",
  "pdp_url": "https://sortiment.lidl.ch/de/protein-mix-mit-nuessen-0158955",
  "product_description": "Artikelnr.: 158955",
  "producthierarchy_level1": "Sortiment",
  "producthierarchy_level2": "Sortiment",
  "producthierarchy_level3": "Protein Mix mit Nüssen",
  "producthierarchy_level4": "",
  "producthierarchy_level5": "",
  "producthierarchy_level6": "",
  "producthierarchy_level7": "",
  "currency": "Swiss franc",
  "file_name_1": "158955_1.jpg",
  "image_url_1": "https://sortiment.lidl.ch/media/catalog/product/cache/38c728e59b3a47950872534eff8a1e63/1/5/158955_PSXX.jpg"
},
{
  "_id": {
    "$oid": "66f3a07ad23ade1eec55f837"
  },
  "unique_id": "36270",
  "product_name": "Rahmjoghurt mild",
  "brand": "Milbona",
  "regular_price": 0.95,
  "selling_price": 0.95,
  "price_per_unit": "pro 150g | 100g = 0.64 CHF",
  "breadcrumb": "Sortiment > Sortiment > Rahmjoghurt mild",
  "pdp_url": "https://sortiment.lidl.ch/de/rahmjoghurt-mild-0036270",
  "product_description": "Artikelnr.: 36270",
  "producthierarchy_level1": "Sortiment",
  "producthierarchy_level2": "Sortiment",
  "producthierarchy_level3": "Rahmjoghurt mild",
  "producthierarchy_level4": "",
  "producthierarchy_level5": "",
  "producthierarchy_level6": "",
  "producthierarchy_level7": "",
  "currency": "Swiss franc",
  "file_name_1": "36270_1.jpg",
  "image_url_1": "https://sortiment.lidl.ch/media/catalog/product/cache/38c728e59b3a47950872534eff8a1e63/3/6/36270_Erdbeeren_PSXX_1.jpg",
  "file_name_2": "36270_2.jpg",
  "image_url_2": "https://sortiment.lidl.ch/media/catalog/product/cache/38c728e59b3a47950872534eff8a1e63/3/6/36270_Himbeeren_PSXX_1.jpg",
  "file_name_3": "36270_3.jpg",
  "image_url_3": "https://sortiment.lidl.ch/media/catalog/product/cache/38c728e59b3a47950872534eff8a1e63/3/6/36270_Kirschen_PSXX_1.jpg",
  "file_name_4": "36270_4.jpg",
  "image_url_4": "https://sortiment.lidl.ch/media/catalog/product/cache/38c728e59b3a47950872534eff8a1e63/3/6/36270_Pfirsich_PSXX.jpg"
},
{
  "_id": {
    "$oid": "66f3a07bd23ade1eec55f838"
  },
  "unique_id": "184353",
  "product_name": "Trutenbrust Filet",
  "brand": "Carnesi",
  "regular_price": 11.99,
  "selling_price": 11.99,
  "price_per_unit": "pro 1000g",
  "breadcrumb": "Sortiment > Sortiment > Trutenbrust Filet",
  "pdp_url": "https://sortiment.lidl.ch/de/trutenbrust-filet-0184353",
  "product_description": "Artikelnr.: 184353",
  "producthierarchy_level1": "Sortiment",
  "producthierarchy_level2": "Sortiment",
  "producthierarchy_level3": "Trutenbrust Filet",
  "producthierarchy_level4": "",
  "producthierarchy_level5": "",
  "producthierarchy_level6": "",
  "producthierarchy_level7": "",
  "currency": "Swiss franc",
  "file_name_1": "184353_1.jpg",
  "image_url_1": "https://sortiment.lidl.ch/media/catalog/product/cache/38c728e59b3a47950872534eff8a1e63/1/8/184353_FKBF.jpg",
  "file_name_2": "184353_2.jpg",
  "image_url_2": "https://sortiment.lidl.ch/media/catalog/product/cache/38c728e59b3a47950872534eff8a1e63/1/8/184353_PSXX.jpg"
},
{
  "_id": {
    "$oid": "66f3a07cd23ade1eec55f839"
  },
  "unique_id": "2188",
  "product_name": "Butter Waffles",
  "brand": "Sondey",
  "regular_price": 2.89,
  "selling_price": 2.89,
  "price_per_unit": "pro 250g | 100g = 1.16 CHF",
  "breadcrumb": "Sortiment > Sortiment > Butter Waffles",
  "pdp_url": "https://sortiment.lidl.ch/de/butter-waffles-0002188",
  "product_description": "Artikelnr.: 2188",
  "producthierarchy_level1": "Sortiment",
  "producthierarchy_level2": "Sortiment",
  "producthierarchy_level3": "Butter Waffles",
  "producthierarchy_level4": "",
  "producthierarchy_level5": "",
  "producthierarchy_level6": "",
  "producthierarchy_level7": "",
  "currency": "Swiss franc",
  "file_name_1": "2188_1.jpg",
  "image_url_1": "https://sortiment.lidl.ch/media/catalog/product/cache/38c728e59b3a47950872534eff8a1e63/2/1/2188_PSXX.jpg"
},
{
  "_id": {
    "$oid": "66f3a07dd23ade1eec55f83a"
  },
  "unique_id": "5110410",
  "product_name": "Edel-Beinschinken",
  "brand": "Maestade",
  "regular_price": 5.99,
  "selling_price": 5.99,
  "price_per_unit": "pro 180g | 100g = 3.33 CHF",
  "breadcrumb": "Sortiment > Sortiment > Edel-Beinschinken",
  "pdp_url": "https://sortiment.lidl.ch/de/edel-beinschinken-5110410",
  "product_description": "Artikelnr.: 5110410",
  "producthierarchy_level1": "Sortiment",
  "producthierarchy_level2": "Sortiment",
  "producthierarchy_level3": "Edel-Beinschinken",
  "producthierarchy_level4": "",
  "producthierarchy_level5": "",
  "producthierarchy_level6": "",
  "producthierarchy_level7": "",
  "currency": "Swiss franc",
  "file_name_1": "5110410_1.jpg",
  "image_url_1": "https://sortiment.lidl.ch/media/catalog/product/cache/38c728e59b3a47950872534eff8a1e63/5/1/5110410_FKBF.jpg",
  "file_name_2": "5110410_2.jpg",
  "image_url_2": "https://sortiment.lidl.ch/media/catalog/product/cache/38c728e59b3a47950872534eff8a1e63/5/1/5110410_PSXX.jpg"
},
{
  "_id": {
    "$oid": "66f3a07ed23ade1eec55f83b"
  },
  "unique_id": "92781",
  "product_name": "Semmeli",
  "brand": "",
  "regular_price": 0.49,
  "selling_price": 0.49,
  "price_per_unit": "pro 65g | 100g = 0.76 CHF",
  "breadcrumb": "Sortiment > Sortiment > Semmeli",
  "pdp_url": "https://sortiment.lidl.ch/de/semmeli-0092781",
  "product_description": "Artikelnr.: 92781 Weizenbrötchen Zutaten: 75% Weizenmehl , Wasser, 2% Weizensauerteig ( Weizenmehl , Wasser, Roggenmehl ), Hefe, Speisesalz, Dextrose, Weizenmalzmehl. Kann Spuren von Ei, Erdnüsse, Soja, Milch, Schalenfrüchte (Nüsse), Sellerie, Senf, Sesam und Sulfiten enthalten Hergestellt in Deutschland.",
  "producthierarchy_level1": "Sortiment",
  "producthierarchy_level2": "Sortiment",
  "producthierarchy_level3": "Semmeli",
  "producthierarchy_level4": "",
  "producthierarchy_level5": "",
  "producthierarchy_level6": "",
  "producthierarchy_level7": "",
  "currency": "Swiss franc",
  "file_name_1": "92781_1.jpg",
  "image_url_1": "https://sortiment.lidl.ch/media/catalog/product/cache/38c728e59b3a47950872534eff8a1e63/9/2/92781_FKBF.jpg"
},
{
  "_id": {
    "$oid": "66f3a07fd23ade1eec55f83c"
  },
  "unique_id": "22252",
  "product_name": "Paranusskerne",
  "brand": "Alesto Selection",
  "regular_price": 4.49,
  "selling_price": 4.49,
  "price_per_unit": "pro 200g | 100g = 2.25 CHF",
  "breadcrumb": "Sortiment > Sortiment > Paranusskerne",
  "pdp_url": "https://sortiment.lidl.ch/de/paranusskerne-0022252",
  "product_description": "Artikelnr.: 22252",
  "producthierarchy_level1": "Sortiment",
  "producthierarchy_level2": "Sortiment",
  "producthierarchy_level3": "Paranusskerne",
  "producthierarchy_level4": "",
  "producthierarchy_level5": "",
  "producthierarchy_level6": "",
  "producthierarchy_level7": "",
  "currency": "Swiss franc",
  "file_name_1": "22252_1.jpg",
  "image_url_1": "https://sortiment.lidl.ch/media/catalog/product/cache/38c728e59b3a47950872534eff8a1e63/2/2/22252_PSXX_1.jpg"
},
{
  "_id": {
    "$oid": "66f3a080d23ade1eec55f83d"
  },
  "unique_id": "2364",
  "product_name": "Meatballs vom Rind",
  "brand": "Bonvalle",
  "regular_price": 3.99,
  "selling_price": 3.99,
  "price_per_unit": "pro 250g | 100g = 1.60 CHF",
  "breadcrumb": "Sortiment > Sortiment > Meatballs vom Rind",
  "pdp_url": "https://sortiment.lidl.ch/de/meatballs-vom-rind-0002364",
  "product_description": "Artikelnr.: 2364",
  "producthierarchy_level1": "Sortiment",
  "producthierarchy_level2": "Sortiment",
  "producthierarchy_level3": "Meatballs vom Rind",
  "producthierarchy_level4": "",
  "producthierarchy_level5": "",
  "producthierarchy_level6": "",
  "producthierarchy_level7": "",
  "currency": "Swiss franc",
  "file_name_1": "2364_1.jpg",
  "image_url_1": "https://sortiment.lidl.ch/media/catalog/product/cache/38c728e59b3a47950872534eff8a1e63/2/3/2364_FKBF.jpg",
  "file_name_2": "2364_2.jpg",
  "image_url_2": "https://sortiment.lidl.ch/media/catalog/product/cache/38c728e59b3a47950872534eff8a1e63/2/3/2364_PSXX.jpg"
},
{
  "_id": {
    "$oid": "66f3a081d23ade1eec55f83e"
  },
  "unique_id": "5110828",
  "product_name": "Bio Mozzarella Laktosefrei",
  "brand": "Milbona",
  "regular_price": 1.85,
  "selling_price": 1.85,
  "price_per_unit": "pro 125g Abtropfgewicht | 100g = 1.48 CHF",
  "breadcrumb": "Sortiment > Sortiment > Bio Mozzarella Laktosefrei",
  "pdp_url": "https://sortiment.lidl.ch/de/bio-mozzarella-laktosefrei-5110828",
  "product_description": "Artikelnr.: 5110828",
  "producthierarchy_level1": "Sortiment",
  "producthierarchy_level2": "Sortiment",
  "producthierarchy_level3": "Bio Mozzarella Laktosefrei",
  "producthierarchy_level4": "",
  "producthierarchy_level5": "",
  "producthierarchy_level6": "",
  "producthierarchy_level7": "",
  "currency": "Swiss franc",
  "file_name_1": "5110828_1.jpg",
  "image_url_1": "https://sortiment.lidl.ch/media/catalog/product/cache/38c728e59b3a47950872534eff8a1e63/5/1/5110828_FKBF.jpg",
  "file_name_2": "5110828_2.jpg",
  "image_url_2": "https://sortiment.lidl.ch/media/catalog/product/cache/38c728e59b3a47950872534eff8a1e63/5/1/5110828_PSXX.jpg"
},
{
  "_id": {
    "$oid": "66f3a082d23ade1eec55f83f"
  },
  "unique_id": "115279",
  "product_name": "Wiesenländer Käsescheiben",
  "brand": "Milbona",
  "regular_price": 2.99,
  "selling_price": 2.99,
  "price_per_unit": "pro 175g | 100g = 1.71 CHF",
  "breadcrumb": "Sortiment > Sortiment > Wiesenländer Käsescheiben",
  "pdp_url": "https://sortiment.lidl.ch/de/wiesenlaender-kaesescheiben-0115279",
  "product_description": "Artikelnr.: 115279",
  "producthierarchy_level1": "Sortiment",
  "producthierarchy_level2": "Sortiment",
  "producthierarchy_level3": "Wiesenländer Käsescheiben",
  "producthierarchy_level4": "",
  "producthierarchy_level5": "",
  "producthierarchy_level6": "",
  "producthierarchy_level7": "",
  "currency": "Swiss franc",
  "file_name_1": "115279_1.jpg",
  "image_url_1": "https://sortiment.lidl.ch/media/catalog/product/cache/38c728e59b3a47950872534eff8a1e63/1/1/115279_Chili_PSXX_001.jpg",
  "file_name_2": "115279_2.jpg",
  "image_url_2": "https://sortiment.lidl.ch/media/catalog/product/cache/38c728e59b3a47950872534eff8a1e63/1/1/115279_Nussig_PSXX.jpg"
},
{
  "_id": {
    "$oid": "66f3a083d23ade1eec55f840"
  },
  "unique_id": "5107879",
  "product_name": "Bündnerfleisch",
  "brand": "Maestade typisch",
  "regular_price": 6.29,
  "selling_price": 4.99,
  "price_per_unit": "pro 80g, 90g | LP 100g = 6.24, 5.55 CHF",
  "breadcrumb": "Sortiment > Sortiment > Bündnerfleisch",
  "pdp_url": "https://sortiment.lidl.ch/de/buendnerfleisch-5107879",
  "product_description": "Artikelnr.: 5107879",
  "producthierarchy_level1": "Sortiment",
  "producthierarchy_level2": "Sortiment",
  "producthierarchy_level3": "Bündnerfleisch",
  "producthierarchy_level4": "",
  "producthierarchy_level5": "",
  "producthierarchy_level6": "",
  "producthierarchy_level7": "",
  "currency": "Swiss franc",
  "file_name_1": "5107879_1.jpg",
  "image_url_1": "https://sortiment.lidl.ch/media/catalog/product/cache/38c728e59b3a47950872534eff8a1e63/5/1/5107879_Classic_PSXX.jpg",
  "file_name_2": "5107879_2.jpg",
  "image_url_2": "https://sortiment.lidl.ch/media/catalog/product/cache/38c728e59b3a47950872534eff8a1e63/5/1/5107879_FKBF.jpg",
  "file_name_3": "5107879_3.jpg",
  "image_url_3": "https://sortiment.lidl.ch/media/catalog/product/cache/38c728e59b3a47950872534eff8a1e63/5/1/5107879_hauchduenn_PSXX.jpg"
},
{
  "_id": {
    "$oid": "66f3a084d23ade1eec55f841"
  },
  "unique_id": "5106006",
  "product_name": "Poulet Nuggets",
  "brand": "Bonvalle",
  "regular_price": 3.79,
  "selling_price": 3.79,
  "price_per_unit": "pro 240g | 100g = 1.58 CHF",
  "breadcrumb": "Sortiment > Sortiment > Poulet Nuggets",
  "pdp_url": "https://sortiment.lidl.ch/de/poulet-nuggets-5106006",
  "product_description": "Artikelnr.: 5106006",
  "producthierarchy_level1": "Sortiment",
  "producthierarchy_level2": "Sortiment",
  "producthierarchy_level3": "Poulet Nuggets",
  "producthierarchy_level4": "",
  "producthierarchy_level5": "",
  "producthierarchy_level6": "",
  "producthierarchy_level7": "",
  "currency": "Swiss franc",
  "file_name_1": "5106006_1.jpg",
  "image_url_1": "https://sortiment.lidl.ch/media/catalog/product/cache/38c728e59b3a47950872534eff8a1e63/5/1/5106006_FKBF.jpg",
  "file_name_2": "5106006_2.jpg",
  "image_url_2": "https://sortiment.lidl.ch/media/catalog/product/cache/38c728e59b3a47950872534eff8a1e63/5/1/5106006_PSXX.jpg"
},
{
  "_id": {
    "$oid": "66f3a086d23ade1eec55f842"
  },
  "unique_id": "150881",
  "product_name": "Halbhartkäse Scheiben",
  "brand": "Milbona",
  "regular_price": 3.99,
  "selling_price": 3.99,
  "price_per_unit": "pro 400g | 100g = 1.00 CHF",
  "breadcrumb": "Sortiment > Sortiment > Halbhartkäse Scheiben",
  "pdp_url": "https://sortiment.lidl.ch/de/halbhartkaese-scheiben-0150881",
  "product_description": "Artikelnr.: 150881",
  "producthierarchy_level1": "Sortiment",
  "producthierarchy_level2": "Sortiment",
  "producthierarchy_level3": "Halbhartkäse Scheiben",
  "producthierarchy_level4": "",
  "producthierarchy_level5": "",
  "producthierarchy_level6": "",
  "producthierarchy_level7": "",
  "currency": "Swiss franc",
  "file_name_1": "150881_1.jpg",
  "image_url_1": "https://sortiment.lidl.ch/media/catalog/product/cache/38c728e59b3a47950872534eff8a1e63/1/5/150881_PSXX.jpg"
},
{
  "_id": {
    "$oid": "66f3a087d23ade1eec55f843"
  },
  "unique_id": "12211",
  "product_name": "Cremiges Joghurt 5%",
  "brand": "Milbona",
  "regular_price": 2.49,
  "selling_price": 2.49,
  "price_per_unit": "pro 1kg",
  "breadcrumb": "Sortiment > Sortiment > Cremiges Joghurt 5%",
  "pdp_url": "https://sortiment.lidl.ch/de/cremiges-joghurt-5-0012211",
  "product_description": "Artikelnr.: 12211",
  "producthierarchy_level1": "Sortiment",
  "producthierarchy_level2": "Sortiment",
  "producthierarchy_level3": "Cremiges Joghurt 5%",
  "producthierarchy_level4": "",
  "producthierarchy_level5": "",
  "producthierarchy_level6": "",
  "producthierarchy_level7": "",
  "currency": "Swiss franc",
  "file_name_1": "12211_1.jpg",
  "image_url_1": "https://sortiment.lidl.ch/media/catalog/product/cache/38c728e59b3a47950872534eff8a1e63/1/2/12211_Peach_PSXX.jpg",
  "file_name_2": "12211_2.jpg",
  "image_url_2": "https://sortiment.lidl.ch/media/catalog/product/cache/38c728e59b3a47950872534eff8a1e63/1/2/12211_Stracciatella_PSXX.jpg",
  "file_name_3": "12211_3.jpg",
  "image_url_3": "https://sortiment.lidl.ch/media/catalog/product/cache/38c728e59b3a47950872534eff8a1e63/1/2/12211_Strawberry_PSXX.jpg",
  "file_name_4": "12211_4.jpg",
  "image_url_4": "https://sortiment.lidl.ch/media/catalog/product/cache/38c728e59b3a47950872534eff8a1e63/1/2/12211_Vanilla_PSXX.jpg"
},
{
  "_id": {
    "$oid": "66f3a088d23ade1eec55f844"
  },
  "unique_id": "78019",
  "product_name": "Multifruit",
  "brand": "Solevita",
  "regular_price": 3.49,
  "selling_price": 3.49,
  "price_per_unit": "pro 14x0,2l | 1L = 1.25 CHF",
  "breadcrumb": "Sortiment > Sortiment > Multifruit",
  "pdp_url": "https://sortiment.lidl.ch/de/multifruit-0078019",
  "product_description": "Artikelnr.: 78019",
  "producthierarchy_level1": "Sortiment",
  "producthierarchy_level2": "Sortiment",
  "producthierarchy_level3": "Multifruit",
  "producthierarchy_level4": "",
  "producthierarchy_level5": "",
  "producthierarchy_level6": "",
  "producthierarchy_level7": "",
  "currency": "Swiss franc",
  "file_name_1": "78019_1.jpg",
  "image_url_1": "https://sortiment.lidl.ch/media/catalog/product/cache/38c728e59b3a47950872534eff8a1e63/7/8/78019_PSXX.jpg"
},
{
  "_id": {
    "$oid": "66f3a089d23ade1eec55f845"
  },
  "unique_id": "5100478",
  "product_name": "French Dressing",
  "brand": "Chef Select & You",
  "regular_price": 1.99,
  "selling_price": 1.59,
  "price_per_unit": "pro 1000ml",
  "breadcrumb": "Sortiment > Sortiment > French Dressing",
  "pdp_url": "https://sortiment.lidl.ch/de/french-dressing-5100478",
  "product_description": "Artikelnr.: 5100478",
  "producthierarchy_level1": "Sortiment",
  "producthierarchy_level2": "Sortiment",
  "producthierarchy_level3": "French Dressing",
  "producthierarchy_level4": "",
  "producthierarchy_level5": "",
  "producthierarchy_level6": "",
  "producthierarchy_level7": "",
  "currency": "Swiss franc",
  "file_name_1": "5100478_1.jpg",
  "image_url_1": "https://sortiment.lidl.ch/media/catalog/product/cache/38c728e59b3a47950872534eff8a1e63/5/1/5100478_PSXX_1.jpg"
},
{
  "_id": {
    "$oid": "66f3a08ad23ade1eec55f846"
  },
  "unique_id": "156659",
  "product_name": "Milchschokolade mit ganzen Mandeln",
  "brand": "Fin Carré",
  "regular_price": 1.39,
  "selling_price": 1.39,
  "price_per_unit": "pro 100g",
  "breadcrumb": "Sortiment > Sortiment > Milchschokolade mit ganzen Mandeln",
  "pdp_url": "https://sortiment.lidl.ch/de/milchschokolade-mit-ganzen-mandeln-0156659",
  "product_description": "Artikelnr.: 156659",
  "producthierarchy_level1": "Sortiment",
  "producthierarchy_level2": "Sortiment",
  "producthierarchy_level3": "Milchschokolade mit ganzen Mandeln",
  "producthierarchy_level4": "",
  "producthierarchy_level5": "",
  "producthierarchy_level6": "",
  "producthierarchy_level7": "",
  "currency": "Swiss franc",
  "file_name_1": "156659_1.jpg",
  "image_url_1": "https://sortiment.lidl.ch/media/amasty/amoptmobile/catalog/product/cache/38c728e59b3a47950872534eff8a1e63/1/5/156659_PSXX.jpg"
},
{
  "_id": {
    "$oid": "66f3a08bd23ade1eec55f847"
  },
  "unique_id": "161666",
  "product_name": "Pistazienkerne geröstet",
  "brand": "Alesto",
  "regular_price": 3.19,
  "selling_price": 3.19,
  "price_per_unit": "pro 100g",
  "breadcrumb": "Sortiment > Sortiment > Pistazienkerne geröstet",
  "pdp_url": "https://sortiment.lidl.ch/de/pistazienkerne-geroestet-0161666",
  "product_description": "Artikelnr.: 161666",
  "producthierarchy_level1": "Sortiment",
  "producthierarchy_level2": "Sortiment",
  "producthierarchy_level3": "Pistazienkerne geröstet",
  "producthierarchy_level4": "",
  "producthierarchy_level5": "",
  "producthierarchy_level6": "",
  "producthierarchy_level7": "",
  "currency": "Swiss franc",
  "file_name_1": "161666_1.jpg",
  "image_url_1": "https://sortiment.lidl.ch/media/catalog/product/cache/38c728e59b3a47950872534eff8a1e63/1/6/161666_PSXX.jpg"
},
{
  "_id": {
    "$oid": "66f3a08cd23ade1eec55f848"
  },
  "unique_id": "136369",
  "product_name": "Edamame Bohnen",
  "brand": "Vitasia",
  "regular_price": 2.95,
  "selling_price": 1.99,
  "price_per_unit": "pro 400g | 100g = 0.50 CHF",
  "breadcrumb": "Sortiment > Sortiment > Edamame Bohnen",
  "pdp_url": "https://sortiment.lidl.ch/de/edamame-bohnen-0136369",
  "product_description": "Artikelnr.: 136369 Angebot solange Vorrat.",
  "producthierarchy_level1": "Sortiment",
  "producthierarchy_level2": "Sortiment",
  "producthierarchy_level3": "Edamame Bohnen",
  "producthierarchy_level4": "",
  "producthierarchy_level5": "",
  "producthierarchy_level6": "",
  "producthierarchy_level7": "",
  "currency": "Swiss franc",
  "file_name_1": "136369_1.jpg",
  "image_url_1": "https://sortiment.lidl.ch/media/catalog/product/cache/38c728e59b3a47950872534eff8a1e63/1/3/136369_PSXX.jpg"
},
{
  "_id": {
    "$oid": "66f3a08dd23ade1eec55f849"
  },
  "unique_id": "197674",
  "product_name": "Paniertes Pouletfilet",
  "brand": "Vitasia",
  "regular_price": 7.79,
  "selling_price": 7.79,
  "price_per_unit": "pro 500g | 100g = 1.56 CHF",
  "breadcrumb": "Sortiment > Sortiment > Paniertes Pouletfilet",
  "pdp_url": "https://sortiment.lidl.ch/de/paniertes-pouletfilet-0197674",
  "product_description": "Artikelnr.: 197674 Angebot solange Vorrat.",
  "producthierarchy_level1": "Sortiment",
  "producthierarchy_level2": "Sortiment",
  "producthierarchy_level3": "Paniertes Pouletfilet",
  "producthierarchy_level4": "",
  "producthierarchy_level5": "",
  "producthierarchy_level6": "",
  "producthierarchy_level7": "",
  "currency": "Swiss franc",
  "file_name_1": "197674_1.jpg",
  "image_url_1": "https://sortiment.lidl.ch/media/catalog/product/cache/38c728e59b3a47950872534eff8a1e63/1/9/197674_PSXX.jpg"
},
{
  "_id": {
    "$oid": "66f3a08ed23ade1eec55f84a"
  },
  "unique_id": "208863",
  "product_name": "Nissin Cup Noodles Soba",
  "brand": "Nissin",
  "regular_price": 2.95,
  "selling_price": 2.15,
  "price_per_unit": "pro 87g, 89g, 90g, 92g | 100g = 2.48 bis 2.34 | LP 100g = 2.29 bis 2.17",
  "breadcrumb": "Sortiment > Sortiment > Nissin Cup Noodles Soba",
  "pdp_url": "https://sortiment.lidl.ch/de/nissin-cup-noodles-soba-0208863",
  "product_description": "Artikelnr.: 208863 Angebot solange Vorrat.",
  "producthierarchy_level1": "Sortiment",
  "producthierarchy_level2": "Sortiment",
  "producthierarchy_level3": "Nissin Cup Noodles Soba",
  "producthierarchy_level4": "",
  "producthierarchy_level5": "",
  "producthierarchy_level6": "",
  "producthierarchy_level7": "",
  "currency": "Swiss franc",
  "file_name_1": "208863_1.jpg",
  "image_url_1": "https://sortiment.lidl.ch/media/catalog/product/cache/38c728e59b3a47950872534eff8a1e63/2/0/208863_Sukiyaki_PSXX.jpg",
  "file_name_2": "208863_2.jpg",
  "image_url_2": "https://sortiment.lidl.ch/media/catalog/product/cache/38c728e59b3a47950872534eff8a1e63/2/0/208863_Teriyaki_PSXX.jpg",
  "file_name_3": "208863_3.jpg",
  "image_url_3": "https://sortiment.lidl.ch/media/catalog/product/cache/38c728e59b3a47950872534eff8a1e63/2/0/208863_Yakitori_PSXX.jpg"
},
{
  "_id": {
    "$oid": "66f3a08fd23ade1eec55f84b"
  },
  "unique_id": "208926",
  "product_name": "Raumduft",
  "brand": "Air by W5",
  "regular_price": 3.99,
  "selling_price": 3.99,
  "price_per_unit": "pro 120ml | 1L = 33.25 CHF",
  "breadcrumb": "Sortiment > Sortiment > Raumduft",
  "pdp_url": "https://sortiment.lidl.ch/de/raumduft-0208926",
  "product_description": "Artikelnr.: 208926 Angebot solange Vorrat.",
  "producthierarchy_level1": "Sortiment",
  "producthierarchy_level2": "Sortiment",
  "producthierarchy_level3": "Raumduft",
  "producthierarchy_level4": "",
  "producthierarchy_level5": "",
  "producthierarchy_level6": "",
  "producthierarchy_level7": "",
  "currency": "Swiss franc",
  "file_name_1": "208926_1.jpg",
  "image_url_1": "https://sortiment.lidl.ch/media/catalog/product/cache/38c728e59b3a47950872534eff8a1e63/2/0/208926_Cherry_PSXX.jpg",
  "file_name_2": "208926_2.jpg",
  "image_url_2": "https://sortiment.lidl.ch/media/catalog/product/cache/38c728e59b3a47950872534eff8a1e63/2/0/208926_Lotus_PSXX.jpg",
  "file_name_3": "208926_3.jpg",
  "image_url_3": "https://sortiment.lidl.ch/media/catalog/product/cache/38c728e59b3a47950872534eff8a1e63/2/0/208926_Modern_PSXX.jpg"
},
{
  "_id": {
    "$oid": "66f3a091d23ade1eec55f84c"
  },
  "unique_id": "208921",
  "product_name": "Raumspray",
  "brand": "Air by W5",
  "regular_price": 3.99,
  "selling_price": 3.99,
  "price_per_unit": "pro 100ml",
  "breadcrumb": "Sortiment > Sortiment > Raumspray",
  "pdp_url": "https://sortiment.lidl.ch/de/raumspray-0208921",
  "product_description": "Artikelnr.: 208921 Angebot solange Vorrat.",
  "producthierarchy_level1": "Sortiment",
  "producthierarchy_level2": "Sortiment",
  "producthierarchy_level3": "Raumspray",
  "producthierarchy_level4": "",
  "producthierarchy_level5": "",
  "producthierarchy_level6": "",
  "producthierarchy_level7": "",
  "currency": "Swiss franc",
  "file_name_1": "208921_1.jpg",
  "image_url_1": "https://sortiment.lidl.ch/media/catalog/product/cache/38c728e59b3a47950872534eff8a1e63/2/0/208921_Cherry_PSXX.jpg",
  "file_name_2": "208921_2.jpg",
  "image_url_2": "https://sortiment.lidl.ch/media/catalog/product/cache/38c728e59b3a47950872534eff8a1e63/2/0/208921_Lotus_PSXX.jpg",
  "file_name_3": "208921_3.jpg",
  "image_url_3": "https://sortiment.lidl.ch/media/catalog/product/cache/38c728e59b3a47950872534eff8a1e63/2/0/208921_Modern_PSXX.jpg"
},
{
  "_id": {
    "$oid": "66f3a092d23ade1eec55f84d"
  },
  "unique_id": "201224",
  "product_name": "Koikeya Chilli Potato Chips",
  "brand": "",
  "regular_price": 2.99,
  "selling_price": 2.99,
  "price_per_unit": "pro 60g | 100g = 4.99 CHF",
  "breadcrumb": "Sortiment > Sortiment > Koikeya Chilli Potato Chips",
  "pdp_url": "https://sortiment.lidl.ch/de/koikeya-chilli-potato-chips-0201224",
  "product_description": "Artikelnr.: 201224 Angebot solange Vorrat.",
  "producthierarchy_level1": "Sortiment",
  "producthierarchy_level2": "Sortiment",
  "producthierarchy_level3": "Koikeya Chilli Potato Chips",
  "producthierarchy_level4": "",
  "producthierarchy_level5": "",
  "producthierarchy_level6": "",
  "producthierarchy_level7": "",
  "currency": "Swiss franc",
  "file_name_1": "201224_1.jpg",
  "image_url_1": "https://sortiment.lidl.ch/media/catalog/product/cache/38c728e59b3a47950872534eff8a1e63/2/0/201224_01_PSXX.jpg",
  "file_name_2": "201224_2.jpg",
  "image_url_2": "https://sortiment.lidl.ch/media/catalog/product/cache/38c728e59b3a47950872534eff8a1e63/2/0/201224_02_PSXX.jpg"
},
{
  "_id": {
    "$oid": "66f3a093d23ade1eec55f84e"
  },
  "unique_id": "7408402",
  "product_name": "Dessertgläser Yuzu Mousse",
  "brand": "Vitasia",
  "regular_price": 2.99,
  "selling_price": 2.99,
  "price_per_unit": "pro 2x60g | 100g = 2.50 CHF",
  "breadcrumb": "Sortiment > Sortiment > Dessertgläser Yuzu Mousse",
  "pdp_url": "https://sortiment.lidl.ch/de/dessertglaeser-yuzu-mousse-7408402",
  "product_description": "Artikelnr.: 7408402 Angebot solange Vorrat.",
  "producthierarchy_level1": "Sortiment",
  "producthierarchy_level2": "Sortiment",
  "producthierarchy_level3": "Dessertgläser Yuzu Mousse",
  "producthierarchy_level4": "",
  "producthierarchy_level5": "",
  "producthierarchy_level6": "",
  "producthierarchy_level7": "",
  "currency": "Swiss franc",
  "file_name_1": "7408402_1.jpg",
  "image_url_1": "https://sortiment.lidl.ch/media/catalog/product/cache/38c728e59b3a47950872534eff8a1e63/7/4/7408402_PSXX.jpg"
},
{
  "_id": {
    "$oid": "66f3a094d23ade1eec55f84f"
  },
  "unique_id": "159654",
  "product_name": "ASC Lachsrückenfilet",
  "brand": "Vitasia",
  "regular_price": 4.49,
  "selling_price": 4.49,
  "price_per_unit": "pro 125g | 100g = 3.60 CHF",
  "breadcrumb": "Sortiment > Sortiment > ASC Lachsrückenfilet",
  "pdp_url": "https://sortiment.lidl.ch/de/asc-lachsrueckenfilet-0159654",
  "product_description": "Artikelnr.: 159654 Angebot solange Vorrat.",
  "producthierarchy_level1": "Sortiment",
  "producthierarchy_level2": "Sortiment",
  "producthierarchy_level3": "ASC Lachsrückenfilet",
  "producthierarchy_level4": "",
  "producthierarchy_level5": "",
  "producthierarchy_level6": "",
  "producthierarchy_level7": "",
  "currency": "Swiss franc",
  "file_name_1": "159654_1.jpg",
  "image_url_1": "https://sortiment.lidl.ch/media/catalog/product/cache/38c728e59b3a47950872534eff8a1e63/1/5/159654_PSXX.jpg"
},
{
  "_id": {
    "$oid": "66f3a095d23ade1eec55f850"
  },
  "unique_id": "198309",
  "product_name": "ASC Japanische Crumb Garnelen",
  "brand": "Vitasia",
  "regular_price": 4.99,
  "selling_price": 4.99,
  "price_per_unit": "pro 250g | 100g = 2.00 CHF",
  "breadcrumb": "Sortiment > Sortiment > ASC Japanische Crumb Garnelen",
  "pdp_url": "https://sortiment.lidl.ch/de/asc-japanische-crumb-garnelen-0198309",
  "product_description": "Artikelnr.: 198309 Angebot solange Vorrat.",
  "producthierarchy_level1": "Sortiment",
  "producthierarchy_level2": "Sortiment",
  "producthierarchy_level3": "ASC Japanische Crumb Garnelen",
  "producthierarchy_level4": "",
  "producthierarchy_level5": "",
  "producthierarchy_level6": "",
  "producthierarchy_level7": "",
  "currency": "Swiss franc",
  "file_name_1": "198309_1.jpg",
  "image_url_1": "https://sortiment.lidl.ch/media/catalog/product/cache/38c728e59b3a47950872534eff8a1e63/1/9/198309_PSXX.jpg"
},
{
  "_id": {
    "$oid": "66f3a096d23ade1eec55f851"
  },
  "unique_id": "201607",
  "product_name": "Sashimi Lachs",
  "brand": "Vitasia",
  "regular_price": 4.99,
  "selling_price": 4.99,
  "price_per_unit": "pro 80g | 100g = 6.24 CHF",
  "breadcrumb": "Sortiment > Sortiment > Sashimi Lachs",
  "pdp_url": "https://sortiment.lidl.ch/de/sashimi-lachs-0201607",
  "product_description": "Artikelnr.: 201607 Angebot solange Vorrat.",
  "producthierarchy_level1": "Sortiment",
  "producthierarchy_level2": "Sortiment",
  "producthierarchy_level3": "Sashimi Lachs",
  "producthierarchy_level4": "",
  "producthierarchy_level5": "",
  "producthierarchy_level6": "",
  "producthierarchy_level7": "",
  "currency": "Swiss franc",
  "file_name_1": "201607_1.jpg",
  "image_url_1": "https://sortiment.lidl.ch/media/catalog/product/cache/38c728e59b3a47950872534eff8a1e63/2/0/201607_Nature_PSXX.jpg",
  "file_name_2": "201607_2.jpg",
  "image_url_2": "https://sortiment.lidl.ch/media/catalog/product/cache/38c728e59b3a47950872534eff8a1e63/2/0/201607_SweetChili_PSXX.jpg"
},
{
  "_id": {
    "$oid": "66f3a097d23ade1eec55f852"
  },
  "unique_id": "198217",
  "product_name": "Ramen Nudeln",
  "brand": "Vitasia",
  "regular_price": 1.39,
  "selling_price": 1.39,
  "price_per_unit": "pro 300g | 100g = 0.47 CHF",
  "breadcrumb": "Sortiment > Sortiment > Ramen Nudeln",
  "pdp_url": "https://sortiment.lidl.ch/de/ramen-nudeln-0198217",
  "product_description": "Artikelnr.: 198217 Angebot solange Vorrat.",
  "producthierarchy_level1": "Sortiment",
  "producthierarchy_level2": "Sortiment",
  "producthierarchy_level3": "Ramen Nudeln",
  "producthierarchy_level4": "",
  "producthierarchy_level5": "",
  "producthierarchy_level6": "",
  "producthierarchy_level7": "",
  "currency": "Swiss franc",
  "file_name_1": "198217_1.jpg",
  "image_url_1": "https://sortiment.lidl.ch/media/catalog/product/cache/38c728e59b3a47950872534eff8a1e63/1/9/198217_PSXX.jpg"
},
{
  "_id": {
    "$oid": "66f3a098d23ade1eec55f853"
  },
  "unique_id": "137505",
  "product_name": "Gyoza Teigtaschen",
  "brand": "Vitasia",
  "regular_price": 3.99,
  "selling_price": 3.99,
  "price_per_unit": "pro 400g | 100g = 1.00 CHF",
  "breadcrumb": "Sortiment > Sortiment > Gyoza Teigtaschen",
  "pdp_url": "https://sortiment.lidl.ch/de/gyoza-teigtaschen-0137505",
  "product_description": "Artikelnr.: 137505 Angebot solange Vorrat.",
  "producthierarchy_level1": "Sortiment",
  "producthierarchy_level2": "Sortiment",
  "producthierarchy_level3": "Gyoza Teigtaschen",
  "producthierarchy_level4": "",
  "producthierarchy_level5": "",
  "producthierarchy_level6": "",
  "producthierarchy_level7": "",
  "currency": "Swiss franc",
  "file_name_1": "137505_1.jpg",
  "image_url_1": "https://sortiment.lidl.ch/media/catalog/product/cache/38c728e59b3a47950872534eff8a1e63/1/3/137505_PSXX.jpg"
},
{
  "_id": {
    "$oid": "66f3a099d23ade1eec55f854"
  },
  "unique_id": "203160",
  "product_name": "Surimi mit Sauce",
  "brand": "Vitasia",
  "regular_price": 3.59,
  "selling_price": 3.59,
  "price_per_unit": "pro 420g | 100g = 0.86 CHF",
  "breadcrumb": "Sortiment > Sortiment > Surimi mit Sauce",
  "pdp_url": "https://sortiment.lidl.ch/de/surimi-mit-sauce-0203160",
  "product_description": "Artikelnr.: 203160 Angebot solange Vorrat.",
  "producthierarchy_level1": "Sortiment",
  "producthierarchy_level2": "Sortiment",
  "producthierarchy_level3": "Surimi mit Sauce",
  "producthierarchy_level4": "",
  "producthierarchy_level5": "",
  "producthierarchy_level6": "",
  "producthierarchy_level7": "",
  "currency": "Swiss franc",
  "file_name_1": "203160_1.jpg",
  "image_url_1": "https://sortiment.lidl.ch/media/catalog/product/cache/38c728e59b3a47950872534eff8a1e63/2/0/203160_PSXX.jpg"
},
{
  "_id": {
    "$oid": "66f3a09ad23ade1eec55f855"
  },
  "unique_id": "199186",
  "product_name": "Miso-Soup",
  "brand": "Vitasia",
  "regular_price": 3.99,
  "selling_price": 3.99,
  "price_per_unit": "pro 500g | 100g = 0.80 CHF",
  "breadcrumb": "Sortiment > Sortiment > Miso-Soup",
  "pdp_url": "https://sortiment.lidl.ch/de/miso-soup-0199186",
  "product_description": "Artikelnr.: 199186 Angebot solange Vorrat.",
  "producthierarchy_level1": "Sortiment",
  "producthierarchy_level2": "Sortiment",
  "producthierarchy_level3": "Miso-Soup",
  "producthierarchy_level4": "",
  "producthierarchy_level5": "",
  "producthierarchy_level6": "",
  "producthierarchy_level7": "",
  "currency": "Swiss franc",
  "file_name_1": "199186_1.jpg",
  "image_url_1": "https://sortiment.lidl.ch/media/catalog/product/cache/38c728e59b3a47950872534eff8a1e63/1/9/199186_PSXX.jpg"
},
{
  "_id": {
    "$oid": "66f3a09bd23ade1eec55f856"
  },
  "unique_id": "99722",
  "product_name": "Noriblätter",
  "brand": "Vitasia",
  "regular_price": 1.99,
  "selling_price": 1.99,
  "price_per_unit": "pro 5 Stück | 1 Stk = 0.40 CHF",
  "breadcrumb": "Sortiment > Sortiment > Noriblätter",
  "pdp_url": "https://sortiment.lidl.ch/de/noriblaetter-0099722",
  "product_description": "Artikelnr.: 99722 Angebot solange Vorrat.",
  "producthierarchy_level1": "Sortiment",
  "producthierarchy_level2": "Sortiment",
  "producthierarchy_level3": "Noriblätter",
  "producthierarchy_level4": "",
  "producthierarchy_level5": "",
  "producthierarchy_level6": "",
  "producthierarchy_level7": "",
  "currency": "Swiss franc",
  "file_name_1": "99722_1.jpg",
  "image_url_1": "https://sortiment.lidl.ch/media/catalog/product/cache/38c728e59b3a47950872534eff8a1e63/9/9/99722_PSXX.jpg"
},
{
  "_id": {
    "$oid": "66f3a09cd23ade1eec55f857"
  },
  "unique_id": "196158",
  "product_name": "Edamame",
  "brand": "Vitasia",
  "regular_price": 0.99,
  "selling_price": 0.99,
  "price_per_unit": "pro 170g (Abtropfgewicht) | 100g = 0.59 CHF",
  "breadcrumb": "Sortiment > Sortiment > Edamame",
  "pdp_url": "https://sortiment.lidl.ch/de/edamame-0196158",
  "product_description": "Artikelnr.: 196158 Angebot solange Vorrat.",
  "producthierarchy_level1": "Sortiment",
  "producthierarchy_level2": "Sortiment",
  "producthierarchy_level3": "Edamame",
  "producthierarchy_level4": "",
  "producthierarchy_level5": "",
  "producthierarchy_level6": "",
  "producthierarchy_level7": "",
  "currency": "Swiss franc",
  "file_name_1": "196158_1.jpg",
  "image_url_1": "https://sortiment.lidl.ch/media/catalog/product/cache/38c728e59b3a47950872534eff8a1e63/1/9/196158_PSXX.jpg"
},
{
  "_id": {
    "$oid": "66f3a09dd23ade1eec55f858"
  },
  "unique_id": "5616687",
  "product_name": "Loser Tee",
  "brand": "",
  "regular_price": 4.99,
  "selling_price": 4.99,
  "price_per_unit": "pro 100g",
  "breadcrumb": "Sortiment > Sortiment > Loser Tee",
  "pdp_url": "https://sortiment.lidl.ch/de/loser-tee-5616687",
  "product_description": "Artikelnr.: 5616687 Angebot solange Vorrat.",
  "producthierarchy_level1": "Sortiment",
  "producthierarchy_level2": "Sortiment",
  "producthierarchy_level3": "Loser Tee",
  "producthierarchy_level4": "",
  "producthierarchy_level5": "",
  "producthierarchy_level6": "",
  "producthierarchy_level7": "",
  "currency": "Swiss franc",
  "file_name_1": "5616687_1.jpg",
  "image_url_1": "https://sortiment.lidl.ch/media/catalog/product/cache/38c728e59b3a47950872534eff8a1e63/5/6/5616687_Fleurs_PSXX.jpg",
  "file_name_2": "5616687_2.jpg",
  "image_url_2": "https://sortiment.lidl.ch/media/catalog/product/cache/38c728e59b3a47950872534eff8a1e63/5/6/5616687_LitchiFramboiseRose_PSXX.jpg",
  "file_name_3": "5616687_3.jpg",
  "image_url_3": "https://sortiment.lidl.ch/media/catalog/product/cache/38c728e59b3a47950872534eff8a1e63/5/6/5616687_Vert_PSXX.jpg"
},
{
  "_id": {
    "$oid": "66f3a09ed23ade1eec55f859"
  },
  "unique_id": "194588",
  "product_name": "Wasabi Dip",
  "brand": "Vitasia",
  "regular_price": 1.49,
  "selling_price": 1.49,
  "price_per_unit": "pro 150g | 100g = 1.00 CHF",
  "breadcrumb": "Sortiment > Sortiment > Wasabi Dip",
  "pdp_url": "https://sortiment.lidl.ch/de/wasabi-dip-0194588",
  "product_description": "Artikelnr.: 194588 Angebot solange Vorrat.",
  "producthierarchy_level1": "Sortiment",
  "producthierarchy_level2": "Sortiment",
  "producthierarchy_level3": "Wasabi Dip",
  "producthierarchy_level4": "",
  "producthierarchy_level5": "",
  "producthierarchy_level6": "",
  "producthierarchy_level7": "",
  "currency": "Swiss franc",
  "file_name_1": "194588_1.jpg",
  "image_url_1": "https://sortiment.lidl.ch/media/catalog/product/cache/38c728e59b3a47950872534eff8a1e63/1/9/194588_PSXX.jpg"
},
{
  "_id": {
    "$oid": "66f3a09fd23ade1eec55f85a"
  },
  "unique_id": "157326",
  "product_name": "Misopaste",
  "brand": "Vitasia",
  "regular_price": 2.49,
  "selling_price": 2.49,
  "price_per_unit": "pro 200g | 100g = 1.25 CHF",
  "breadcrumb": "Sortiment > Sortiment > Misopaste",
  "pdp_url": "https://sortiment.lidl.ch/de/misopaste-0157326",
  "product_description": "Artikelnr.: 157326 Angebot solange Vorrat.",
  "producthierarchy_level1": "Sortiment",
  "producthierarchy_level2": "Sortiment",
  "producthierarchy_level3": "Misopaste",
  "producthierarchy_level4": "",
  "producthierarchy_level5": "",
  "producthierarchy_level6": "",
  "producthierarchy_level7": "",
  "currency": "Swiss franc",
  "file_name_1": "157326_1.jpg",
  "image_url_1": "https://sortiment.lidl.ch/media/catalog/product/cache/38c728e59b3a47950872534eff8a1e63/1/5/157326_aka_PSXX.jpg",
  "file_name_2": "157326_2.jpg",
  "image_url_2": "https://sortiment.lidl.ch/media/catalog/product/cache/38c728e59b3a47950872534eff8a1e63/1/5/157326_shiro_PSXX.jpg"
},
{
  "_id": {
    "$oid": "66f3a0a1d23ade1eec55f85b"
  },
  "unique_id": "196376",
  "product_name": "Gyoza-Sauce",
  "brand": "Vitasia",
  "regular_price": 2.49,
  "selling_price": 2.49,
  "price_per_unit": "pro 250ml | 100ML = 1.00 CHF",
  "breadcrumb": "Sortiment > Sortiment > Gyoza-Sauce",
  "pdp_url": "https://sortiment.lidl.ch/de/gyoza-sauce-0196376",
  "product_description": "Artikelnr.: 196376 Angebot solange Vorrat.",
  "producthierarchy_level1": "Sortiment",
  "producthierarchy_level2": "Sortiment",
  "producthierarchy_level3": "Gyoza-Sauce",
  "producthierarchy_level4": "",
  "producthierarchy_level5": "",
  "producthierarchy_level6": "",
  "producthierarchy_level7": "",
  "currency": "Swiss franc",
  "file_name_1": "196376_1.jpg",
  "image_url_1": "https://sortiment.lidl.ch/media/catalog/product/cache/38c728e59b3a47950872534eff8a1e63/1/9/196376_PSXX.jpg"
},
{
  "_id": {
    "$oid": "66f3a0a2d23ade1eec55f85c"
  },
  "unique_id": "99721",
  "product_name": "Reisessig",
  "brand": "Vitasia",
  "regular_price": 1.99,
  "selling_price": 1.99,
  "price_per_unit": "pro 250ml | 1L = 7.96 CHF",
  "breadcrumb": "Sortiment > Sortiment > Reisessig",
  "pdp_url": "https://sortiment.lidl.ch/de/reisessig-0099721",
  "product_description": "Artikelnr.: 99721 Angebot solange Vorrat.",
  "producthierarchy_level1": "Sortiment",
  "producthierarchy_level2": "Sortiment",
  "producthierarchy_level3": "Reisessig",
  "producthierarchy_level4": "",
  "producthierarchy_level5": "",
  "producthierarchy_level6": "",
  "producthierarchy_level7": "",
  "currency": "Swiss franc",
  "file_name_1": "99721_1.jpg",
  "image_url_1": "https://sortiment.lidl.ch/media/catalog/product/cache/38c728e59b3a47950872534eff8a1e63/9/9/99721_PSXX.jpg"
},
{
  "_id": {
    "$oid": "66f3a0a3d23ade1eec55f85d"
  },
  "unique_id": "92775",
  "product_name": "Sushi Reis",
  "brand": "Vitasia",
  "regular_price": 1.99,
  "selling_price": 1.99,
  "price_per_unit": "pro 500g | 100g = 0.40 CHF",
  "breadcrumb": "Sortiment > Sortiment > Sushi Reis",
  "pdp_url": "https://sortiment.lidl.ch/de/sushi-reis-0092775",
  "product_description": "Artikelnr.: 92775 Angebot solange Vorrat.",
  "producthierarchy_level1": "Sortiment",
  "producthierarchy_level2": "Sortiment",
  "producthierarchy_level3": "Sushi Reis",
  "producthierarchy_level4": "",
  "producthierarchy_level5": "",
  "producthierarchy_level6": "",
  "producthierarchy_level7": "",
  "currency": "Swiss franc",
  "file_name_1": "92775_1.jpg",
  "image_url_1": "https://sortiment.lidl.ch/media/catalog/product/cache/38c728e59b3a47950872534eff8a1e63/9/2/92775_PSXX.jpg"
},
{
  "_id": {
    "$oid": "66f3a0a4d23ade1eec55f85e"
  },
  "unique_id": "195665",
  "product_name": "Reisteigplatten",
  "brand": "Vitasia",
  "regular_price": 1.99,
  "selling_price": 1.99,
  "price_per_unit": "pro 125g | 100g = 1.60 CHF",
  "breadcrumb": "Sortiment > Sortiment > Reisteigplatten",
  "pdp_url": "https://sortiment.lidl.ch/de/reisteigplatten-0195665",
  "product_description": "Artikelnr.: 195665 Angebot solange Vorrat.",
  "producthierarchy_level1": "Sortiment",
  "producthierarchy_level2": "Sortiment",
  "producthierarchy_level3": "Reisteigplatten",
  "producthierarchy_level4": "",
  "producthierarchy_level5": "",
  "producthierarchy_level6": "",
  "producthierarchy_level7": "",
  "currency": "Swiss franc",
  "file_name_1": "195665_1.jpg",
  "image_url_1": "https://sortiment.lidl.ch/media/catalog/product/cache/38c728e59b3a47950872534eff8a1e63/1/9/195665_PSXX.jpg"
},
{
  "_id": {
    "$oid": "66f3a0a5d23ade1eec55f85f"
  },
  "unique_id": "196606",
  "product_name": "Sushi Ingwer",
  "brand": "Vitasia",
  "regular_price": 1.99,
  "selling_price": 1.99,
  "price_per_unit": "pro 190g | 100g = 1.05 CHF",
  "breadcrumb": "Sortiment > Sortiment > Sushi Ingwer",
  "pdp_url": "https://sortiment.lidl.ch/de/sushi-ingwer-0196606",
  "product_description": "Artikelnr.: 196606 Angebot solange Vorrat.",
  "producthierarchy_level1": "Sortiment",
  "producthierarchy_level2": "Sortiment",
  "producthierarchy_level3": "Sushi Ingwer",
  "producthierarchy_level4": "",
  "producthierarchy_level5": "",
  "producthierarchy_level6": "",
  "producthierarchy_level7": "",
  "currency": "Swiss franc",
  "file_name_1": "196606_1.jpg",
  "image_url_1": "https://sortiment.lidl.ch/media/catalog/product/cache/38c728e59b3a47950872534eff8a1e63/1/9/196606_Pickled_PSXX.jpg",
  "file_name_2": "196606_2.jpg",
  "image_url_2": "https://sortiment.lidl.ch/media/catalog/product/cache/38c728e59b3a47950872534eff8a1e63/1/9/196606_Sweeteners_PSXX.jpg"
},
{
  "_id": {
    "$oid": "66f3a0a6d23ade1eec55f860"
  },
  "unique_id": "196202",
  "product_name": "Joghurt mit Yuzu",
  "brand": "Vitasia",
  "regular_price": 0.79,
  "selling_price": 0.79,
  "price_per_unit": "pro 150g | 100g = 0.53 CHF",
  "breadcrumb": "Sortiment > Sortiment > Joghurt mit Yuzu",
  "pdp_url": "https://sortiment.lidl.ch/de/joghurt-mit-yuzu-0196202",
  "product_description": "Artikelnr.: 196202 Angebot solange Vorrat.",
  "producthierarchy_level1": "Sortiment",
  "producthierarchy_level2": "Sortiment",
  "producthierarchy_level3": "Joghurt mit Yuzu",
  "producthierarchy_level4": "",
  "producthierarchy_level5": "",
  "producthierarchy_level6": "",
  "producthierarchy_level7": "",
  "currency": "Swiss franc",
  "file_name_1": "196202_1.jpg",
  "image_url_1": "https://sortiment.lidl.ch/media/catalog/product/cache/38c728e59b3a47950872534eff8a1e63/1/9/196202_CherryBlossom_PSXX.jpg",
  "file_name_2": "196202_2.jpg",
  "image_url_2": "https://sortiment.lidl.ch/media/catalog/product/cache/38c728e59b3a47950872534eff8a1e63/1/9/196202_Ginger_PSXX.jpg",
  "file_name_3": "196202_3.jpg",
  "image_url_3": "https://sortiment.lidl.ch/media/catalog/product/cache/38c728e59b3a47950872534eff8a1e63/1/9/196202_Matcha_PSXX.jpg",
  "file_name_4": "196202_4.jpg",
  "image_url_4": "https://sortiment.lidl.ch/media/catalog/product/cache/38c728e59b3a47950872534eff8a1e63/1/9/196202_Yuzu_PSXX.jpg"
},
{
  "_id": {
    "$oid": "66f3a0a7d23ade1eec55f861"
  },
  "unique_id": "7713705",
  "product_name": "Look o Look Mini Candy Sushi",
  "brand": "",
  "regular_price": 2.99,
  "selling_price": 2.99,
  "price_per_unit": "pro 100g",
  "breadcrumb": "Sortiment > Sortiment > Look o Look Mini Candy Sushi",
  "pdp_url": "https://sortiment.lidl.ch/de/look-o-look-mini-candy-sushi-7713705",
  "product_description": "Artikelnr.: 7713705 Angebot solange Vorrat.",
  "producthierarchy_level1": "Sortiment",
  "producthierarchy_level2": "Sortiment",
  "producthierarchy_level3": "Look o Look Mini Candy Sushi",
  "producthierarchy_level4": "",
  "producthierarchy_level5": "",
  "producthierarchy_level6": "",
  "producthierarchy_level7": "",
  "currency": "Swiss franc",
  "file_name_1": "7713705_1.jpg",
  "image_url_1": "https://sortiment.lidl.ch/media/catalog/product/cache/38c728e59b3a47950872534eff8a1e63/7/7/7713705_PSXX.jpg"
},
{
  "_id": {
    "$oid": "66f3a0a8d23ade1eec55f862"
  },
  "unique_id": "196498",
  "product_name": "Cup Misosuppe",
  "brand": "Vitasia",
  "regular_price": 2.99,
  "selling_price": 2.99,
  "price_per_unit": "pro 200g | 100g = 1.50 CHF",
  "breadcrumb": "Sortiment > Sortiment > Cup Misosuppe",
  "pdp_url": "https://sortiment.lidl.ch/de/cup-misosuppe-0196498",
  "product_description": "Artikelnr.: 196498 Angebot solange Vorrat.",
  "producthierarchy_level1": "Sortiment",
  "producthierarchy_level2": "Sortiment",
  "producthierarchy_level3": "Cup Misosuppe",
  "producthierarchy_level4": "",
  "producthierarchy_level5": "",
  "producthierarchy_level6": "",
  "producthierarchy_level7": "",
  "currency": "Swiss franc",
  "file_name_1": "196498_1.jpg",
  "image_url_1": "https://sortiment.lidl.ch/media/catalog/product/cache/38c728e59b3a47950872534eff8a1e63/1/9/196498_PSXX.jpg"
},
{
  "_id": {
    "$oid": "66f3a0a9d23ade1eec55f863"
  },
  "unique_id": "105389",
  "product_name": "Soba Nudeln",
  "brand": "Vitasia",
  "regular_price": 1.39,
  "selling_price": 1.39,
  "price_per_unit": "pro 300g | 100g = 0.47 CHF",
  "breadcrumb": "Sortiment > Sortiment > Soba Nudeln",
  "pdp_url": "https://sortiment.lidl.ch/de/soba-nudeln-0105389",
  "product_description": "Artikelnr.: 105389 Angebot solange Vorrat.",
  "producthierarchy_level1": "Sortiment",
  "producthierarchy_level2": "Sortiment",
  "producthierarchy_level3": "Soba Nudeln",
  "producthierarchy_level4": "",
  "producthierarchy_level5": "",
  "producthierarchy_level6": "",
  "producthierarchy_level7": "",
  "currency": "Swiss franc",
  "file_name_1": "105389_1.jpg",
  "image_url_1": "https://sortiment.lidl.ch/media/catalog/product/cache/38c728e59b3a47950872534eff8a1e63/1/0/105389_PSXX.jpg"
},
{
  "_id": {
    "$oid": "66f3a0aad23ade1eec55f864"
  },
  "unique_id": "5618097",
  "product_name": "Japanischer Mix",
  "brand": "Vitasia",
  "regular_price": 2.99,
  "selling_price": 2.99,
  "price_per_unit": "pro 250g | 100g = 1.20 CHF",
  "breadcrumb": "Sortiment > Sortiment > Japanischer Mix",
  "pdp_url": "https://sortiment.lidl.ch/de/japanischer-mix-5618097",
  "product_description": "Artikelnr.: 5618097 Angebot solange Vorrat.",
  "producthierarchy_level1": "Sortiment",
  "producthierarchy_level2": "Sortiment",
  "producthierarchy_level3": "Japanischer Mix",
  "producthierarchy_level4": "",
  "producthierarchy_level5": "",
  "producthierarchy_level6": "",
  "producthierarchy_level7": "",
  "currency": "Swiss franc",
  "file_name_1": "5618097_1.jpg",
  "image_url_1": "https://sortiment.lidl.ch/media/catalog/product/cache/38c728e59b3a47950872534eff8a1e63/5/6/5618097_PSXX.jpg"
},
{
  "_id": {
    "$oid": "66f3a0abd23ade1eec55f865"
  },
  "unique_id": "170751",
  "product_name": "Teriyaki Ingwer Sauce",
  "brand": "Vitasia",
  "regular_price": 2.49,
  "selling_price": 2.49,
  "price_per_unit": "pro 250ml | 1L = 9.96 CHF",
  "breadcrumb": "Sortiment > Sortiment > Teriyaki Ingwer Sauce",
  "pdp_url": "https://sortiment.lidl.ch/de/teriyaki-ingwer-sauce-0170751",
  "product_description": "Artikelnr.: 170751 Angebot solange Vorrat.",
  "producthierarchy_level1": "Sortiment",
  "producthierarchy_level2": "Sortiment",
  "producthierarchy_level3": "Teriyaki Ingwer Sauce",
  "producthierarchy_level4": "",
  "producthierarchy_level5": "",
  "producthierarchy_level6": "",
  "producthierarchy_level7": "",
  "currency": "Swiss franc",
  "file_name_1": "170751_1.jpg",
  "image_url_1": "https://sortiment.lidl.ch/media/catalog/product/cache/38c728e59b3a47950872534eff8a1e63/1/7/170751_PSXX.jpg"
},
{
  "_id": {
    "$oid": "66f3a0acd23ade1eec55f866"
  },
  "unique_id": "188471",
  "product_name": "Gyoza",
  "brand": "Vitasia",
  "regular_price": 1.99,
  "selling_price": 1.99,
  "price_per_unit": "pro 150g | 100g = 1.33 CHF",
  "breadcrumb": "Sortiment > Sortiment > Gyoza",
  "pdp_url": "https://sortiment.lidl.ch/de/gyoza-0188471",
  "product_description": "Artikelnr.: 188471 Angebot solange Vorrat.",
  "producthierarchy_level1": "Sortiment",
  "producthierarchy_level2": "Sortiment",
  "producthierarchy_level3": "Gyoza",
  "producthierarchy_level4": "",
  "producthierarchy_level5": "",
  "producthierarchy_level6": "",
  "producthierarchy_level7": "",
  "currency": "Swiss franc",
  "file_name_1": "188471_1.jpg",
  "image_url_1": "https://sortiment.lidl.ch/media/catalog/product/cache/38c728e59b3a47950872534eff8a1e63/1/8/188471_Gemuese_Vitasia_PSXX.jpg",
  "file_name_2": "188471_2.jpg",
  "image_url_2": "https://sortiment.lidl.ch/media/catalog/product/cache/38c728e59b3a47950872534eff8a1e63/1/8/188471_Huhn_Vitasia_PSXX.jpg",
  "file_name_3": "188471_3.jpg",
  "image_url_3": "https://sortiment.lidl.ch/media/catalog/product/cache/38c728e59b3a47950872534eff8a1e63/1/8/188471_Pork_ChefSelect_PSXX.jpg",
  "file_name_4": "188471_4.jpg",
  "image_url_4": "https://sortiment.lidl.ch/media/catalog/product/cache/38c728e59b3a47950872534eff8a1e63/1/8/188471_Vegetables_ChefSelect_PSXX.jpg"
},
{
  "_id": {
    "$oid": "66f3a0add23ade1eec55f867"
  },
  "unique_id": "137513",
  "product_name": "Gyoza Teigtaschen",
  "brand": "Vitasia",
  "regular_price": 3.99,
  "selling_price": 3.99,
  "price_per_unit": "pro 400g | 100g = 1.00 CHF",
  "breadcrumb": "Sortiment > Sortiment > Gyoza Teigtaschen",
  "pdp_url": "https://sortiment.lidl.ch/de/gyoza-teigtaschen-0137513",
  "product_description": "Artikelnr.: 137513 Angebot solange Vorrat.",
  "producthierarchy_level1": "Sortiment",
  "producthierarchy_level2": "Sortiment",
  "producthierarchy_level3": "Gyoza Teigtaschen",
  "producthierarchy_level4": "",
  "producthierarchy_level5": "",
  "producthierarchy_level6": "",
  "producthierarchy_level7": "",
  "currency": "Swiss franc",
  "file_name_1": "137513_1.jpg",
  "image_url_1": "https://sortiment.lidl.ch/media/catalog/product/cache/38c728e59b3a47950872534eff8a1e63/1/3/137513_ChickenPork_PSXX.jpg"
},
{
  "_id": {
    "$oid": "66f3a0aed23ade1eec55f868"
  },
  "unique_id": "194607",
  "product_name": "Hummus",
  "brand": "Vitasia",
  "regular_price": 1.95,
  "selling_price": 1.95,
  "price_per_unit": "pro 200g | 100g = 0.98 CHF",
  "breadcrumb": "Sortiment > Sortiment > Hummus",
  "pdp_url": "https://sortiment.lidl.ch/de/hummus-0194607",
  "product_description": "Artikelnr.: 194607 Angebot solange Vorrat.",
  "producthierarchy_level1": "Sortiment",
  "producthierarchy_level2": "Sortiment",
  "producthierarchy_level3": "Hummus",
  "producthierarchy_level4": "",
  "producthierarchy_level5": "",
  "producthierarchy_level6": "",
  "producthierarchy_level7": "",
  "currency": "Swiss franc",
  "file_name_1": "194607_1.jpg",
  "image_url_1": "https://sortiment.lidl.ch/media/catalog/product/cache/38c728e59b3a47950872534eff8a1e63/1/9/194607_Edamame_PSXX.jpg",
  "file_name_2": "194607_2.jpg",
  "image_url_2": "https://sortiment.lidl.ch/media/catalog/product/cache/38c728e59b3a47950872534eff8a1e63/1/9/194607_Ginger_PSXX.jpg",
  "file_name_3": "194607_3.jpg",
  "image_url_3": "https://sortiment.lidl.ch/media/catalog/product/cache/38c728e59b3a47950872534eff8a1e63/1/9/194607_Wasabi_PSXX.jpg"
},
{
  "_id": {
    "$oid": "66f3a0afd23ade1eec55f869"
  },
  "unique_id": "196456",
  "product_name": "Frischkäse mit Wasabi",
  "brand": "Vitasia",
  "regular_price": 1.49,
  "selling_price": 1.49,
  "price_per_unit": "pro 175g | 100g = 0.86 CHF",
  "breadcrumb": "Sortiment > Sortiment > Frischkäse mit Wasabi",
  "pdp_url": "https://sortiment.lidl.ch/de/frischkaese-mit-wasabi-0196456",
  "product_description": "Artikelnr.: 196456 Angebot solange Vorrat.",
  "producthierarchy_level1": "Sortiment",
  "producthierarchy_level2": "Sortiment",
  "producthierarchy_level3": "Frischkäse mit Wasabi",
  "producthierarchy_level4": "",
  "producthierarchy_level5": "",
  "producthierarchy_level6": "",
  "producthierarchy_level7": "",
  "currency": "Swiss franc",
  "file_name_1": "196456_1.jpg",
  "image_url_1": "https://sortiment.lidl.ch/media/catalog/product/cache/38c728e59b3a47950872534eff8a1e63/1/9/196456_PSXX.jpg"
},
{
  "_id": {
    "$oid": "66f3a0b0d23ade1eec55f86a"
  },
  "unique_id": "5227935",
  "product_name": "Yakitori Pouletspiesse",
  "brand": "Vitasia",
  "regular_price": 4.99,
  "selling_price": 4.99,
  "price_per_unit": "pro 180g | 100g = 2.78 CHF",
  "breadcrumb": "Sortiment > Sortiment > Yakitori Pouletspiesse",
  "pdp_url": "https://sortiment.lidl.ch/de/yakitori-pouletspiesse-5227935",
  "product_description": "Artikelnr.: 5227935 Angebot solange Vorrat.",
  "producthierarchy_level1": "Sortiment",
  "producthierarchy_level2": "Sortiment",
  "producthierarchy_level3": "Yakitori Pouletspiesse",
  "producthierarchy_level4": "",
  "producthierarchy_level5": "",
  "producthierarchy_level6": "",
  "producthierarchy_level7": "",
  "currency": "Swiss franc",
  "file_name_1": "5227935_1.jpg",
  "image_url_1": "https://sortiment.lidl.ch/media/catalog/product/cache/38c728e59b3a47950872534eff8a1e63/5/2/5227935_PSXX.jpg"
},
{
  "_id": {
    "$oid": "66f3a0b1d23ade1eec55f86b"
  },
  "unique_id": "143542",
  "product_name": "Apfelmus",
  "brand": "Freshona",
  "regular_price": 0.95,
  "selling_price": 0.95,
  "price_per_unit": "pro 720ml | 100ML = 0.14 CHF",
  "breadcrumb": "Sortiment > Sortiment > Apfelmus",
  "pdp_url": "https://sortiment.lidl.ch/de/apfelmus-0143542",
  "product_description": "Artikelnr.: 143542",
  "producthierarchy_level1": "Sortiment",
  "producthierarchy_level2": "Sortiment",
  "producthierarchy_level3": "Apfelmus",
  "producthierarchy_level4": "",
  "producthierarchy_level5": "",
  "producthierarchy_level6": "",
  "producthierarchy_level7": "",
  "currency": "Swiss franc",
  "file_name_1": "143542_1.jpg",
  "image_url_1": "https://sortiment.lidl.ch/media/catalog/product/cache/38c728e59b3a47950872534eff8a1e63/1/4/143542_PSXX.jpg"
},
{
  "_id": {
    "$oid": "66f3a0b2d23ade1eec55f86c"
  },
  "unique_id": "5109303",
  "product_name": "Delikatess Wienerli",
  "brand": "Maestade",
  "regular_price": 9.95,
  "selling_price": 6.59,
  "price_per_unit": "pro 5x200g",
  "breadcrumb": "Sortiment > Sortiment > Delikatess Wienerli",
  "pdp_url": "https://sortiment.lidl.ch/de/delikatess-wienerli-5109303",
  "product_description": "Artikelnr.: 5109303 Angebot solange Vorrat.",
  "producthierarchy_level1": "Sortiment",
  "producthierarchy_level2": "Sortiment",
  "producthierarchy_level3": "Delikatess Wienerli",
  "producthierarchy_level4": "",
  "producthierarchy_level5": "",
  "producthierarchy_level6": "",
  "producthierarchy_level7": "",
  "currency": "Swiss franc",
  "file_name_1": "5109303_1.jpg",
  "image_url_1": "https://sortiment.lidl.ch/media/catalog/product/cache/38c728e59b3a47950872534eff8a1e63/5/1/5109303_FKBF.jpg",
  "file_name_2": "5109303_2.jpg",
  "image_url_2": "https://sortiment.lidl.ch/media/catalog/product/cache/38c728e59b3a47950872534eff8a1e63/5/1/5109303_PSXX.jpg"
},
{
  "_id": {
    "$oid": "66f3a0b3d23ade1eec55f86d"
  },
  "unique_id": "5112463",
  "product_name": "Bio Weiderind Hackfleisch",
  "brand": "Bonvallle",
  "regular_price": 8.49,
  "selling_price": 8.49,
  "price_per_unit": "pro 300g | 100g = 2.83 CHF",
  "breadcrumb": "Sortiment > Sortiment > Bio Weiderind Hackfleisch",
  "pdp_url": "https://sortiment.lidl.ch/de/bio-weiderind-hackfleisch-5112463",
  "product_description": "Artikelnr.: 5112463",
  "producthierarchy_level1": "Sortiment",
  "producthierarchy_level2": "Sortiment",
  "producthierarchy_level3": "Bio Weiderind Hackfleisch",
  "producthierarchy_level4": "",
  "producthierarchy_level5": "",
  "producthierarchy_level6": "",
  "producthierarchy_level7": "",
  "currency": "Swiss franc",
  "file_name_1": "5112463_1.jpg",
  "image_url_1": "https://sortiment.lidl.ch/media/catalog/product/cache/38c728e59b3a47950872534eff8a1e63/5/1/5112463_FKBF.jpg",
  "file_name_2": "5112463_2.jpg",
  "image_url_2": "https://sortiment.lidl.ch/media/catalog/product/cache/38c728e59b3a47950872534eff8a1e63/5/1/5112463_PSXX.jpg"
},
{
  "_id": {
    "$oid": "66f3a0b4d23ade1eec55f86e"
  },
  "unique_id": "5112069",
  "product_name": "Bio Milchschokolade",
  "brand": "Chocarré Suisse",
  "regular_price": 1.99,
  "selling_price": 1.99,
  "price_per_unit": "pro 100g",
  "breadcrumb": "Sortiment > Sortiment > Bio Milchschokolade",
  "pdp_url": "https://sortiment.lidl.ch/de/bio-milchschokolade-5112069",
  "product_description": "Artikelnr.: 5112069",
  "producthierarchy_level1": "Sortiment",
  "producthierarchy_level2": "Sortiment",
  "producthierarchy_level3": "Bio Milchschokolade",
  "producthierarchy_level4": "",
  "producthierarchy_level5": "",
  "producthierarchy_level6": "",
  "producthierarchy_level7": "",
  "currency": "Swiss franc",
  "file_name_1": "5112069_1.jpg",
  "image_url_1": "https://sortiment.lidl.ch/media/catalog/product/cache/38c728e59b3a47950872534eff8a1e63/5/1/5112069_ChocarreSuisse_MilchschokoladeHaselnuss_PSXX.jpg"
},
{
  "_id": {
    "$oid": "66f3a0b5d23ade1eec55f86f"
  },
  "unique_id": "5112066",
  "product_name": "Gianduja Tafel",
  "brand": "Chocarré Suisse",
  "regular_price": 1.95,
  "selling_price": 1.95,
  "price_per_unit": "pro 100g",
  "breadcrumb": "Sortiment > Sortiment > Gianduja Tafel",
  "pdp_url": "https://sortiment.lidl.ch/de/gianduja-tafel-5112066",
  "product_description": "Artikelnr.: 5112066",
  "producthierarchy_level1": "Sortiment",
  "producthierarchy_level2": "Sortiment",
  "producthierarchy_level3": "Gianduja Tafel",
  "producthierarchy_level4": "",
  "producthierarchy_level5": "",
  "producthierarchy_level6": "",
  "producthierarchy_level7": "",
  "currency": "Swiss franc",
  "file_name_1": "5112066_1.jpg",
  "image_url_1": "https://sortiment.lidl.ch/media/catalog/product/cache/38c728e59b3a47950872534eff8a1e63/5/1/5112066_Dunkel_PSXX.jpg",
  "file_name_2": "5112066_2.jpg",
  "image_url_2": "https://sortiment.lidl.ch/media/catalog/product/cache/38c728e59b3a47950872534eff8a1e63/5/1/5112066_Hell_PSXX.jpg"
},
{
  "_id": {
    "$oid": "66f3a0b6d23ade1eec55f870"
  },
  "unique_id": "36055",
  "product_name": "Weichweizengrieß",
  "brand": "Belbake",
  "regular_price": 1.29,
  "selling_price": 1.29,
  "price_per_unit": "pro 500g | 100g = 0.26 CHF",
  "breadcrumb": "Sortiment > Sortiment > Weichweizengrieß",
  "pdp_url": "https://sortiment.lidl.ch/de/weichweizengriess-0036055",
  "product_description": "Artikelnr.: 36055",
  "producthierarchy_level1": "Sortiment",
  "producthierarchy_level2": "Sortiment",
  "producthierarchy_level3": "Weichweizengrieß",
  "producthierarchy_level4": "",
  "producthierarchy_level5": "",
  "producthierarchy_level6": "",
  "producthierarchy_level7": "",
  "currency": "Swiss franc",
  "file_name_1": "36055_1.jpg",
  "image_url_1": "https://sortiment.lidl.ch/media/catalog/product/cache/38c728e59b3a47950872534eff8a1e63/3/6/36055_PSXX.jpg"
},
{
  "_id": {
    "$oid": "66f3a0b7d23ade1eec55f871"
  },
  "unique_id": "151969",
  "product_name": "Duca di Sasseta Nero D'Avola DOC",
  "brand": "",
  "regular_price": 4.99,
  "selling_price": 4.99,
  "price_per_unit": "pro 0,75l | 1L = 6.66 CHF",
  "breadcrumb": "Sortiment > Sortiment > Duca di Sasseta Nero D'Avola DOC",
  "pdp_url": "https://sortiment.lidl.ch/de/duca-di-sasseta-nero-d-avola-doc-0151969",
  "product_description": "Artikelnr.: 151969 Angebot solange Vorrat.",
  "producthierarchy_level1": "Sortiment",
  "producthierarchy_level2": "Sortiment",
  "producthierarchy_level3": "Duca di Sasseta Nero D'Avola DOC",
  "producthierarchy_level4": "",
  "producthierarchy_level5": "",
  "producthierarchy_level6": "",
  "producthierarchy_level7": "",
  "currency": "Swiss franc",
  "file_name_1": "151969_1.jpg",
  "image_url_1": "https://sortiment.lidl.ch/media/catalog/product/cache/38c728e59b3a47950872534eff8a1e63/1/5/151969_PSWE.jpg"
},
{
  "_id": {
    "$oid": "66f3a0b8d23ade1eec55f872"
  },
  "unique_id": "207643",
  "product_name": "Cuor di Pietra Sangiovese",
  "brand": "",
  "regular_price": 5.99,
  "selling_price": 5.99,
  "price_per_unit": "pro 0,75l | 1L = 7.99 CHF",
  "breadcrumb": "Sortiment > Sortiment > Cuor di Pietra Sangiovese",
  "pdp_url": "https://sortiment.lidl.ch/de/cuor-di-pietra-sangiovese-0207643",
  "product_description": "Artikelnr.: 207643 Angebot solange Vorrat.",
  "producthierarchy_level1": "Sortiment",
  "producthierarchy_level2": "Sortiment",
  "producthierarchy_level3": "Cuor di Pietra Sangiovese",
  "producthierarchy_level4": "",
  "producthierarchy_level5": "",
  "producthierarchy_level6": "",
  "producthierarchy_level7": "",
  "currency": "Swiss franc",
  "file_name_1": "207643_1.jpg",
  "image_url_1": "https://sortiment.lidl.ch/media/catalog/product/cache/38c728e59b3a47950872534eff8a1e63/2/0/207643_PSWE.jpg"
},
{
  "_id": {
    "$oid": "66f3a0b9d23ade1eec55f873"
  },
  "unique_id": "113117",
  "product_name": "C'era una volta Moscato",
  "brand": "",
  "regular_price": 5.99,
  "selling_price": 5.99,
  "price_per_unit": "pro 0,75l | 1L = 7.99 CHF",
  "breadcrumb": "Sortiment > Sortiment > C'era una volta Moscato",
  "pdp_url": "https://sortiment.lidl.ch/de/c-era-una-volta-moscato-0113117",
  "product_description": "Artikelnr.: 113117 Angebot solange Vorrat.",
  "producthierarchy_level1": "Sortiment",
  "producthierarchy_level2": "Sortiment",
  "producthierarchy_level3": "C'era una volta Moscato",
  "producthierarchy_level4": "",
  "producthierarchy_level5": "",
  "producthierarchy_level6": "",
  "producthierarchy_level7": "",
  "currency": "Swiss franc",
  "file_name_1": "113117_1.jpg",
  "image_url_1": "https://sortiment.lidl.ch/media/catalog/product/cache/38c728e59b3a47950872534eff8a1e63/1/1/113117_PSWE.jpg"
},
{
  "_id": {
    "$oid": "66f3a0bad23ade1eec55f874"
  },
  "unique_id": "132835",
  "product_name": "MSC Thunfisch für Pasta",
  "brand": "Italiamo",
  "regular_price": 1.99,
  "selling_price": 1.99,
  "price_per_unit": "pro 160g | 100g = 1.25 CHF",
  "breadcrumb": "Sortiment > Sortiment > MSC Thunfisch für Pasta",
  "pdp_url": "https://sortiment.lidl.ch/de/msc-thunfisch-fuer-pasta-0132835",
  "product_description": "Artikelnr.: 132835 Angebot solange Vorrat.",
  "producthierarchy_level1": "Sortiment",
  "producthierarchy_level2": "Sortiment",
  "producthierarchy_level3": "MSC Thunfisch für Pasta",
  "producthierarchy_level4": "",
  "producthierarchy_level5": "",
  "producthierarchy_level6": "",
  "producthierarchy_level7": "",
  "currency": "Swiss franc",
  "file_name_1": "132835_1.jpg",
  "image_url_1": "https://sortiment.lidl.ch/media/catalog/product/cache/38c728e59b3a47950872534eff8a1e63/1/3/132835_Arrabbiata_PSXX.jpg",
  "file_name_2": "132835_2.jpg",
  "image_url_2": "https://sortiment.lidl.ch/media/catalog/product/cache/38c728e59b3a47950872534eff8a1e63/1/3/132835_PSXX.jpg",
  "file_name_3": "132835_3.jpg",
  "image_url_3": "https://sortiment.lidl.ch/media/catalog/product/cache/38c728e59b3a47950872534eff8a1e63/1/3/132835_Tomato_PSXX.jpg"
},
{
  "_id": {
    "$oid": "66f3a0bbd23ade1eec55f875"
  },
  "unique_id": "185964",
  "product_name": "Frutti di Mare mit Sauce",
  "brand": "Italiamo",
  "regular_price": 4.99,
  "selling_price": 4.99,
  "price_per_unit": "pro 300g | 100g = 1.67 CHF",
  "breadcrumb": "Sortiment > Sortiment > Frutti di Mare mit Sauce",
  "pdp_url": "https://sortiment.lidl.ch/de/frutti-di-mare-mit-sauce-0185964",
  "product_description": "Artikelnr.: 185964 Angebot solange Vorrat.",
  "producthierarchy_level1": "Sortiment",
  "producthierarchy_level2": "Sortiment",
  "producthierarchy_level3": "Frutti di Mare mit Sauce",
  "producthierarchy_level4": "",
  "producthierarchy_level5": "",
  "producthierarchy_level6": "",
  "producthierarchy_level7": "",
  "currency": "Swiss franc",
  "file_name_1": "185964_1.jpg",
  "image_url_1": "https://sortiment.lidl.ch/media/catalog/product/cache/38c728e59b3a47950872534eff8a1e63/1/8/185964_KnoblauchPetersilie_PSXX.jpg",
  "file_name_2": "185964_2.jpg",
  "image_url_2": "https://sortiment.lidl.ch/media/catalog/product/cache/38c728e59b3a47950872534eff8a1e63/1/8/185964_SizilianischeArt_PSXX.jpg"
},
{
  "_id": {
    "$oid": "66f3a0bdd23ade1eec55f876"
  },
  "unique_id": "6013629",
  "product_name": "Gelbe Kirschtomatensauce",
  "brand": "Italiamo",
  "regular_price": 1.19,
  "selling_price": 1.19,
  "price_per_unit": "pro 330g | 100g = 0.37 CHF",
  "breadcrumb": "Sortiment > Sortiment > Gelbe Kirschtomatensauce",
  "pdp_url": "https://sortiment.lidl.ch/de/gelbe-kirschtomatensauce-6013629",
  "product_description": "Artikelnr.: 6013629 Angebot solange Vorrat.",
  "producthierarchy_level1": "Sortiment",
  "producthierarchy_level2": "Sortiment",
  "producthierarchy_level3": "Gelbe Kirschtomatensauce",
  "producthierarchy_level4": "",
  "producthierarchy_level5": "",
  "producthierarchy_level6": "",
  "producthierarchy_level7": "",
  "currency": "Swiss franc",
  "file_name_1": "6013629_1.jpg",
  "image_url_1": "https://sortiment.lidl.ch/media/catalog/product/cache/38c728e59b3a47950872534eff8a1e63/6/0/6013629_italiamo_PSXX.jpg"
},
{
  "_id": {
    "$oid": "66f3a0bed23ade1eec55f877"
  },
  "unique_id": "6009284",
  "product_name": "Marmelade aus Zitrusfrüchten",
  "brand": "Italiamo",
  "regular_price": 2.99,
  "selling_price": 2.99,
  "price_per_unit": "pro 360g | 100g = 0.84 CHF",
  "breadcrumb": "Sortiment > Sortiment > Marmelade aus Zitrusfrüchten",
  "pdp_url": "https://sortiment.lidl.ch/de/marmelade-aus-zitrusfruechten-6009284",
  "product_description": "Artikelnr.: 6009284 Angebot solange Vorrat.",
  "producthierarchy_level1": "Sortiment",
  "producthierarchy_level2": "Sortiment",
  "producthierarchy_level3": "Marmelade aus Zitrusfrüchten",
  "producthierarchy_level4": "",
  "producthierarchy_level5": "",
  "producthierarchy_level6": "",
  "producthierarchy_level7": "",
  "currency": "Swiss franc",
  "file_name_1": "6009284_1.jpg",
  "image_url_1": "https://sortiment.lidl.ch/media/catalog/product/cache/38c728e59b3a47950872534eff8a1e63/6/0/6009284_AranciaRossa_PSXX.jpg",
  "file_name_2": "6009284_2.jpg",
  "image_url_2": "https://sortiment.lidl.ch/media/catalog/product/cache/38c728e59b3a47950872534eff8a1e63/6/0/6009284_Arancia_PSXX.jpg",
  "file_name_3": "6009284_3.jpg",
  "image_url_3": "https://sortiment.lidl.ch/media/catalog/product/cache/38c728e59b3a47950872534eff8a1e63/6/0/6009284_Limone_PSXX.jpg"
},
{
  "_id": {
    "$oid": "66f3a0bfd23ade1eec55f878"
  },
  "unique_id": "6000243",
  "product_name": "Pecoricco-Käse",
  "brand": "Italiamo",
  "regular_price": 1.19,
  "selling_price": 1.19,
  "price_per_unit": "pro 100g, ca. 300g",
  "breadcrumb": "Sortiment > Sortiment > Pecoricco-Käse",
  "pdp_url": "https://sortiment.lidl.ch/de/pecoricco-kaese-6000243",
  "product_description": "Artikelnr.: 6000243 Angebot solange Vorrat.",
  "producthierarchy_level1": "Sortiment",
  "producthierarchy_level2": "Sortiment",
  "producthierarchy_level3": "Pecoricco-Käse",
  "producthierarchy_level4": "",
  "producthierarchy_level5": "",
  "producthierarchy_level6": "",
  "producthierarchy_level7": "",
  "currency": "Swiss franc",
  "file_name_1": "6000243_1.jpg",
  "image_url_1": "https://sortiment.lidl.ch/media/catalog/product/cache/38c728e59b3a47950872534eff8a1e63/6/0/6000243_FKBF.jpg",
  "file_name_2": "6000243_2.jpg",
  "image_url_2": "https://sortiment.lidl.ch/media/catalog/product/cache/38c728e59b3a47950872534eff8a1e63/6/0/6000243_PSXX.jpg"
},
{
  "_id": {
    "$oid": "66f3a0c0d23ade1eec55f879"
  },
  "unique_id": "51762",
  "product_name": "Amarenakirschen",
  "brand": "Italiamo",
  "regular_price": 3.49,
  "selling_price": 3.49,
  "price_per_unit": "pro 235g (Abtropfgewicht) | 100g = 1.49 CHF",
  "breadcrumb": "Sortiment > Sortiment > Amarenakirschen",
  "pdp_url": "https://sortiment.lidl.ch/de/amarenakirschen-0051762",
  "product_description": "Artikelnr.: 51762 Angebot solange Vorrat.",
  "producthierarchy_level1": "Sortiment",
  "producthierarchy_level2": "Sortiment",
  "producthierarchy_level3": "Amarenakirschen",
  "producthierarchy_level4": "",
  "producthierarchy_level5": "",
  "producthierarchy_level6": "",
  "producthierarchy_level7": "",
  "currency": "Swiss franc",
  "file_name_1": "51762_1.jpg",
  "image_url_1": "https://sortiment.lidl.ch/media/catalog/product/cache/38c728e59b3a47950872534eff8a1e63/5/1/51762_PSXX.jpg"
},
{
  "_id": {
    "$oid": "66f3a0c1d23ade1eec55f87a"
  },
  "unique_id": "154002",
  "product_name": "Gefüllte Guetzli",
  "brand": "Italiamo",
  "regular_price": 1.99,
  "selling_price": 1.99,
  "price_per_unit": "pro 150g | 100g = 1.33 CHF",
  "breadcrumb": "Sortiment > Sortiment > Gefüllte Guetzli",
  "pdp_url": "https://sortiment.lidl.ch/de/gefuellte-guetzli-0154002",
  "product_description": "Artikelnr.: 154002 Angebot solange Vorrat.",
  "producthierarchy_level1": "Sortiment",
  "producthierarchy_level2": "Sortiment",
  "producthierarchy_level3": "Gefüllte Guetzli",
  "producthierarchy_level4": "",
  "producthierarchy_level5": "",
  "producthierarchy_level6": "",
  "producthierarchy_level7": "",
  "currency": "Swiss franc",
  "file_name_1": "154002_1.jpg",
  "image_url_1": "https://sortiment.lidl.ch/media/catalog/product/cache/38c728e59b3a47950872534eff8a1e63/1/5/154002_Choco_PSXX.jpg",
  "file_name_2": "154002_2.jpg",
  "image_url_2": "https://sortiment.lidl.ch/media/catalog/product/cache/38c728e59b3a47950872534eff8a1e63/1/5/154002_Zitrone_PSXX.jpg"
},
{
  "_id": {
    "$oid": "66f3a0c2d23ade1eec55f87b"
  },
  "unique_id": "142427",
  "product_name": "Torte",
  "brand": "Italiamo",
  "regular_price": 8.99,
  "selling_price": 8.99,
  "price_per_unit": "pro 700g, 830g | 100g = 1.29, 1.09 CHF",
  "breadcrumb": "Sortiment > Sortiment > Torte",
  "pdp_url": "https://sortiment.lidl.ch/de/torte-0142427",
  "product_description": "Artikelnr.: 142427 Angebot solange Vorrat.",
  "producthierarchy_level1": "Sortiment",
  "producthierarchy_level2": "Sortiment",
  "producthierarchy_level3": "Torte",
  "producthierarchy_level4": "",
  "producthierarchy_level5": "",
  "producthierarchy_level6": "",
  "producthierarchy_level7": "",
  "currency": "Swiss franc",
  "file_name_1": "142427_1.jpg",
  "image_url_1": "https://sortiment.lidl.ch/media/catalog/product/cache/38c728e59b3a47950872534eff8a1e63/1/4/142427_Amaretto_PSXX.jpg",
  "file_name_2": "142427_2.jpg",
  "image_url_2": "https://sortiment.lidl.ch/media/catalog/product/cache/38c728e59b3a47950872534eff8a1e63/1/4/142427_Limoncello_PSXX.jpg"
},
{
  "_id": {
    "$oid": "66f3a0c3d23ade1eec55f87c"
  },
  "unique_id": "6000122",
  "product_name": "Weiche Mandelmakronen",
  "brand": "Italiamo",
  "regular_price": 3.99,
  "selling_price": 3.99,
  "price_per_unit": "pro 400g | 100g = 1.00 CHF",
  "breadcrumb": "Sortiment > Sortiment > Weiche Mandelmakronen",
  "pdp_url": "https://sortiment.lidl.ch/de/weiche-mandelmakronen-6000122",
  "product_description": "Artikelnr.: 6000122 Angebot solange Vorrat.",
  "producthierarchy_level1": "Sortiment",
  "producthierarchy_level2": "Sortiment",
  "producthierarchy_level3": "Weiche Mandelmakronen",
  "producthierarchy_level4": "",
  "producthierarchy_level5": "",
  "producthierarchy_level6": "",
  "producthierarchy_level7": "",
  "currency": "Swiss franc",
  "file_name_1": "6000122_1.jpg",
  "image_url_1": "https://sortiment.lidl.ch/media/catalog/product/cache/38c728e59b3a47950872534eff8a1e63/6/0/6000122_PSXX.jpg"
},
{
  "_id": {
    "$oid": "66f3a0c4d23ade1eec55f87d"
  },
  "unique_id": "6008226",
  "product_name": "Fior di Grano",
  "brand": "Italiamo",
  "regular_price": 1.99,
  "selling_price": 1.99,
  "price_per_unit": "pro 400g | 100g = 0.50 CHF",
  "breadcrumb": "Sortiment > Sortiment > Fior di Grano",
  "pdp_url": "https://sortiment.lidl.ch/de/fior-di-grano-6008226",
  "product_description": "Artikelnr.: 6008226 Angebot solange Vorrat.",
  "producthierarchy_level1": "Sortiment",
  "producthierarchy_level2": "Sortiment",
  "producthierarchy_level3": "Fior di Grano",
  "producthierarchy_level4": "",
  "producthierarchy_level5": "",
  "producthierarchy_level6": "",
  "producthierarchy_level7": "",
  "currency": "Swiss franc",
  "file_name_1": "6008226_1.jpg",
  "image_url_1": "https://sortiment.lidl.ch/media/catalog/product/cache/38c728e59b3a47950872534eff8a1e63/6/0/6008226_PSXX.jpg"
},
{
  "_id": {
    "$oid": "66f3a0c5d23ade1eec55f87e"
  },
  "unique_id": "6004394",
  "product_name": "Provolone",
  "brand": "Italiamo",
  "regular_price": 2.99,
  "selling_price": 2.99,
  "price_per_unit": "pro 300g | 100g = 1.00 CHF",
  "breadcrumb": "Sortiment > Sortiment > Provolone",
  "pdp_url": "https://sortiment.lidl.ch/de/provolone-6004394",
  "product_description": "Artikelnr.: 6004394 Angebot solange Vorrat.",
  "producthierarchy_level1": "Sortiment",
  "producthierarchy_level2": "Sortiment",
  "producthierarchy_level3": "Provolone",
  "producthierarchy_level4": "",
  "producthierarchy_level5": "",
  "producthierarchy_level6": "",
  "producthierarchy_level7": "",
  "currency": "Swiss franc",
  "file_name_1": "6004394_1.jpg",
  "image_url_1": "https://sortiment.lidl.ch/media/catalog/product/cache/38c728e59b3a47950872534eff8a1e63/6/0/6004394_PSXX.jpg",
  "file_name_2": "6004394_2.jpg",
  "image_url_2": "https://sortiment.lidl.ch/media/catalog/product/cache/38c728e59b3a47950872534eff8a1e63/6/0/6004394_piccante_PSXX.jpg"
},
{
  "_id": {
    "$oid": "66f3a0c6d23ade1eec55f87f"
  },
  "unique_id": "68286",
  "product_name": "Bruschetta",
  "brand": "Italiamo",
  "regular_price": 3.99,
  "selling_price": 3.99,
  "price_per_unit": "pro 342g | 100g = 1.17 CHF",
  "breadcrumb": "Sortiment > Sortiment > Bruschetta",
  "pdp_url": "https://sortiment.lidl.ch/de/bruschetta-0068286",
  "product_description": "Artikelnr.: 68286 Angebot solange Vorrat.",
  "producthierarchy_level1": "Sortiment",
  "producthierarchy_level2": "Sortiment",
  "producthierarchy_level3": "Bruschetta",
  "producthierarchy_level4": "",
  "producthierarchy_level5": "",
  "producthierarchy_level6": "",
  "producthierarchy_level7": "",
  "currency": "Swiss franc",
  "file_name_1": "68286_1.jpg",
  "image_url_1": "https://sortiment.lidl.ch/media/catalog/product/cache/38c728e59b3a47950872534eff8a1e63/6/8/68286_Grillino_PSXX.jpg",
  "file_name_2": "68286_2.jpg",
  "image_url_2": "https://sortiment.lidl.ch/media/catalog/product/cache/38c728e59b3a47950872534eff8a1e63/6/8/68286_Pomodori_PSXX.jpg"
},
{
  "_id": {
    "$oid": "66f3a0c7d23ade1eec55f880"
  },
  "unique_id": "6000247",
  "product_name": "Scharfe Oliven mit Stein",
  "brand": "Italiamo",
  "regular_price": 2.99,
  "selling_price": 2.99,
  "price_per_unit": "pro 330g | 100g = 0.91 CHF",
  "breadcrumb": "Sortiment > Sortiment > Scharfe Oliven mit Stein",
  "pdp_url": "https://sortiment.lidl.ch/de/scharfe-oliven-mit-stein-6000247",
  "product_description": "Artikelnr.: 6000247 Angebot solange Vorrat.",
  "producthierarchy_level1": "Sortiment",
  "producthierarchy_level2": "Sortiment",
  "producthierarchy_level3": "Scharfe Oliven mit Stein",
  "producthierarchy_level4": "",
  "producthierarchy_level5": "",
  "producthierarchy_level6": "",
  "producthierarchy_level7": "",
  "currency": "Swiss franc",
  "file_name_1": "6000247_1.jpg",
  "image_url_1": "https://sortiment.lidl.ch/media/catalog/product/cache/38c728e59b3a47950872534eff8a1e63/6/0/6000247_nere_PSXX.jpg",
  "file_name_2": "6000247_2.jpg",
  "image_url_2": "https://sortiment.lidl.ch/media/catalog/product/cache/38c728e59b3a47950872534eff8a1e63/6/0/6000247_verdi_PSXX.jpg"
},
{
  "_id": {
    "$oid": "66f3a0c8d23ade1eec55f881"
  },
  "unique_id": "6006827",
  "product_name": "Grissini mit Oliven",
  "brand": "Italiamo",
  "regular_price": 1.99,
  "selling_price": 1.99,
  "price_per_unit": "pro 200g | 100g = 1.00 CHF",
  "breadcrumb": "Sortiment > Sortiment > Grissini mit Oliven",
  "pdp_url": "https://sortiment.lidl.ch/de/grissini-mit-oliven-6006827",
  "product_description": "Artikelnr.: 6006827 Angebot solange Vorrat.",
  "producthierarchy_level1": "Sortiment",
  "producthierarchy_level2": "Sortiment",
  "producthierarchy_level3": "Grissini mit Oliven",
  "producthierarchy_level4": "",
  "producthierarchy_level5": "",
  "producthierarchy_level6": "",
  "producthierarchy_level7": "",
  "currency": "Swiss franc",
  "file_name_1": "6006827_1.jpg",
  "image_url_1": "https://sortiment.lidl.ch/media/catalog/product/cache/38c728e59b3a47950872534eff8a1e63/6/0/6006827_PSXX.jpg"
},
{
  "_id": {
    "$oid": "66f3a0c9d23ade1eec55f882"
  },
  "unique_id": "6008511",
  "product_name": "Torroncini",
  "brand": "Italiamo",
  "regular_price": 2.99,
  "selling_price": 2.99,
  "price_per_unit": "pro 160g | 100g = 1.87 CHF",
  "breadcrumb": "Sortiment > Sortiment > Torroncini",
  "pdp_url": "https://sortiment.lidl.ch/de/torroncini-6008511",
  "product_description": "Artikelnr.: 6008511 Angebot solange Vorrat.",
  "producthierarchy_level1": "Sortiment",
  "producthierarchy_level2": "Sortiment",
  "producthierarchy_level3": "Torroncini",
  "producthierarchy_level4": "",
  "producthierarchy_level5": "",
  "producthierarchy_level6": "",
  "producthierarchy_level7": "",
  "currency": "Swiss franc",
  "file_name_1": "6008511_1.jpg",
  "image_url_1": "https://sortiment.lidl.ch/media/catalog/product/cache/38c728e59b3a47950872534eff8a1e63/6/0/6008511_almonds_PSXX.jpg",
  "file_name_2": "6008511_2.jpg",
  "image_url_2": "https://sortiment.lidl.ch/media/catalog/product/cache/38c728e59b3a47950872534eff8a1e63/6/0/6008511_pistachio_PSXX.jpg"
},
{
  "_id": {
    "$oid": "66f3a0cad23ade1eec55f883"
  },
  "unique_id": "6000216",
  "product_name": "Mürbeteigtortelettes",
  "brand": "Italiamo",
  "regular_price": 1.99,
  "selling_price": 1.99,
  "price_per_unit": "pro 240g | 100g = 0.83 CHF",
  "breadcrumb": "Sortiment > Sortiment > Mürbeteigtortelettes",
  "pdp_url": "https://sortiment.lidl.ch/de/muerbeteigtortelettes-6000216",
  "product_description": "Artikelnr.: 6000216 Angebot solange Vorrat.",
  "producthierarchy_level1": "Sortiment",
  "producthierarchy_level2": "Sortiment",
  "producthierarchy_level3": "Mürbeteigtortelettes",
  "producthierarchy_level4": "",
  "producthierarchy_level5": "",
  "producthierarchy_level6": "",
  "producthierarchy_level7": "",
  "currency": "Swiss franc",
  "file_name_1": "6000216_1.jpg",
  "image_url_1": "https://sortiment.lidl.ch/media/catalog/product/cache/38c728e59b3a47950872534eff8a1e63/6/0/6000216_PSXX.jpg"
},
{
  "_id": {
    "$oid": "66f3a0cbd23ade1eec55f884"
  },
  "unique_id": "6006318",
  "product_name": "Mini Cannoli",
  "brand": "My Street Food",
  "regular_price": 2.99,
  "selling_price": 2.99,
  "price_per_unit": "pro 132g | 100g = 2.27 CHF",
  "breadcrumb": "Sortiment > Sortiment > Mini Cannoli",
  "pdp_url": "https://sortiment.lidl.ch/de/mini-cannoli-6006318",
  "product_description": "Artikelnr.: 6006318 Angebot solange Vorrat.",
  "producthierarchy_level1": "Sortiment",
  "producthierarchy_level2": "Sortiment",
  "producthierarchy_level3": "Mini Cannoli",
  "producthierarchy_level4": "",
  "producthierarchy_level5": "",
  "producthierarchy_level6": "",
  "producthierarchy_level7": "",
  "currency": "Swiss franc",
  "file_name_1": "6006318_1.jpg",
  "image_url_1": "https://sortiment.lidl.ch/media/catalog/product/cache/38c728e59b3a47950872534eff8a1e63/6/0/6006318_PSXX.jpg"
},
{
  "_id": {
    "$oid": "66f3a0ccd23ade1eec55f885"
  },
  "unique_id": "43077",
  "product_name": "Fusilli Giganti",
  "brand": "Italiamo",
  "regular_price": 1.99,
  "selling_price": 1.99,
  "price_per_unit": "pro 500g | 100g = 0.40 CHF",
  "breadcrumb": "Sortiment > Sortiment > Fusilli Giganti",
  "pdp_url": "https://sortiment.lidl.ch/de/fusilli-giganti-0043077",
  "product_description": "Artikelnr.: 43077 Angebot solange Vorrat.",
  "producthierarchy_level1": "Sortiment",
  "producthierarchy_level2": "Sortiment",
  "producthierarchy_level3": "Fusilli Giganti",
  "producthierarchy_level4": "",
  "producthierarchy_level5": "",
  "producthierarchy_level6": "",
  "producthierarchy_level7": "",
  "currency": "Swiss franc",
  "file_name_1": "43077_1.jpg",
  "image_url_1": "https://sortiment.lidl.ch/media/catalog/product/cache/38c728e59b3a47950872534eff8a1e63/4/3/43077_PSXX.jpg"
},
{
  "_id": {
    "$oid": "66f3a0cdd23ade1eec55f886"
  },
  "unique_id": "6001147",
  "product_name": "Panierte Arancini",
  "brand": "Italiamo",
  "regular_price": 2.99,
  "selling_price": 2.99,
  "price_per_unit": "pro 500g | 100g = 0.60 CHF",
  "breadcrumb": "Sortiment > Sortiment > Panierte Arancini",
  "pdp_url": "https://sortiment.lidl.ch/de/panierte-arancini-6001147",
  "product_description": "Artikelnr.: 6001147 Angebot solange Vorrat.",
  "producthierarchy_level1": "Sortiment",
  "producthierarchy_level2": "Sortiment",
  "producthierarchy_level3": "Panierte Arancini",
  "producthierarchy_level4": "",
  "producthierarchy_level5": "",
  "producthierarchy_level6": "",
  "producthierarchy_level7": "",
  "currency": "Swiss franc",
  "file_name_1": "6001147_1.jpg",
  "image_url_1": "https://sortiment.lidl.ch/media/catalog/product/cache/38c728e59b3a47950872534eff8a1e63/6/0/6001147_PSXX.jpg"
},
{
  "_id": {
    "$oid": "66f3a0ced23ade1eec55f887"
  },
  "unique_id": "74321",
  "product_name": "Arcobaleno bunte Pasta",
  "brand": "Italiamo",
  "regular_price": 1.99,
  "selling_price": 1.99,
  "price_per_unit": "pro 500g | 100g = 0.40 CHF",
  "breadcrumb": "Sortiment > Sortiment > Arcobaleno bunte Pasta",
  "pdp_url": "https://sortiment.lidl.ch/de/arcobaleno-bunte-pasta-0074321",
  "product_description": "Artikelnr.: 74321 Angebot solange Vorrat.",
  "producthierarchy_level1": "Sortiment",
  "producthierarchy_level2": "Sortiment",
  "producthierarchy_level3": "Arcobaleno bunte Pasta",
  "producthierarchy_level4": "",
  "producthierarchy_level5": "",
  "producthierarchy_level6": "",
  "producthierarchy_level7": "",
  "currency": "Swiss franc",
  "file_name_1": "74321_1.jpg",
  "image_url_1": "https://sortiment.lidl.ch/media/catalog/product/cache/38c728e59b3a47950872534eff8a1e63/7/4/74321_PSXX.jpg"
},
{
  "_id": {
    "$oid": "66f3a0cfd23ade1eec55f888"
  },
  "unique_id": "172689",
  "product_name": "Italienische Familienpizza",
  "brand": "Italiamo",
  "regular_price": 7.99,
  "selling_price": 7.99,
  "price_per_unit": "pro 2x535g, 2x560g | 100g = 0.75, 0.72 CHF",
  "breadcrumb": "Sortiment > Sortiment > Italienische Familienpizza",
  "pdp_url": "https://sortiment.lidl.ch/de/italienische-familienpizza-0172689",
  "product_description": "Artikelnr.: 172689 Angebot solange Vorrat.",
  "producthierarchy_level1": "Sortiment",
  "producthierarchy_level2": "Sortiment",
  "producthierarchy_level3": "Italienische Familienpizza",
  "producthierarchy_level4": "",
  "producthierarchy_level5": "",
  "producthierarchy_level6": "",
  "producthierarchy_level7": "",
  "currency": "Swiss franc",
  "file_name_1": "172689_1.jpg",
  "image_url_1": "https://sortiment.lidl.ch/media/catalog/product/cache/38c728e59b3a47950872534eff8a1e63/1/7/172689_Diavolo_PSXX.jpg",
  "file_name_2": "172689_2.jpg",
  "image_url_2": "https://sortiment.lidl.ch/media/catalog/product/cache/38c728e59b3a47950872534eff8a1e63/1/7/172689_Margherita_PSXX.jpg"
},
{
  "_id": {
    "$oid": "66f3a0d0d23ade1eec55f889"
  },
  "unique_id": "5611",
  "product_name": "Knorr Risotto",
  "brand": "Knorr",
  "regular_price": 9.9,
  "selling_price": 5.95,
  "price_per_unit": "pro 2x250g | 100g = 1.19 CHF",
  "breadcrumb": "Sortiment > Sortiment > Knorr Risotto",
  "pdp_url": "https://sortiment.lidl.ch/de/knorr-risotto-0005611",
  "product_description": "Artikelnr.: 5611 *Konkurrenzvergleich:  25.09.2024 Angebot solange Vorrat.",
  "producthierarchy_level1": "Sortiment",
  "producthierarchy_level2": "Sortiment",
  "producthierarchy_level3": "Knorr Risotto",
  "producthierarchy_level4": "",
  "producthierarchy_level5": "",
  "producthierarchy_level6": "",
  "producthierarchy_level7": "",
  "currency": "Swiss franc",
  "file_name_1": "5611_1.jpg",
  "image_url_1": "https://sortiment.lidl.ch/media/catalog/product/cache/38c728e59b3a47950872534eff8a1e63/5/6/5611_Funghi_PSXX.jpg",
  "file_name_2": "5611_2.jpg",
  "image_url_2": "https://sortiment.lidl.ch/media/catalog/product/cache/38c728e59b3a47950872534eff8a1e63/5/6/5611_Parmesan_PSXX.jpg"
},
{
  "_id": {
    "$oid": "66f3a0d1d23ade1eec55f88a"
  },
  "unique_id": "207800",
  "product_name": "Starbucks Cappuccino",
  "brand": "Starbucks",
  "regular_price": 3.99,
  "selling_price": 3.99,
  "price_per_unit": "pro 750ml | 1L = 5.32 CHF",
  "breadcrumb": "Sortiment > Sortiment > Starbucks Cappuccino",
  "pdp_url": "https://sortiment.lidl.ch/de/starbucks-cappuccino-0207800",
  "product_description": "Artikelnr.: 207800 Angebot solange Vorrat.",
  "producthierarchy_level1": "Sortiment",
  "producthierarchy_level2": "Sortiment",
  "producthierarchy_level3": "Starbucks Cappuccino",
  "producthierarchy_level4": "",
  "producthierarchy_level5": "",
  "producthierarchy_level6": "",
  "producthierarchy_level7": "",
  "currency": "Swiss franc",
  "file_name_1": "207800_1.jpg",
  "image_url_1": "https://sortiment.lidl.ch/media/catalog/product/cache/38c728e59b3a47950872534eff8a1e63/2/0/207800_PSXX.jpg"
},
{
  "_id": {
    "$oid": "66f3a0d2d23ade1eec55f88b"
  },
  "unique_id": "202272",
  "product_name": "Starbucks Caramel Macchiato",
  "brand": "Starbucks",
  "regular_price": 5.95,
  "selling_price": 3.99,
  "price_per_unit": "pro 750ml | 1L = 5.32 CHF",
  "breadcrumb": "Sortiment > Sortiment > Starbucks Caramel Macchiato",
  "pdp_url": "https://sortiment.lidl.ch/de/starbucks-caramel-macchiato-0202272",
  "product_description": "Artikelnr.: 202272 *Konkurrenzvergleich:  25.09.2024 Angebot solange Vorrat.",
  "producthierarchy_level1": "Sortiment",
  "producthierarchy_level2": "Sortiment",
  "producthierarchy_level3": "Starbucks Caramel Macchiato",
  "producthierarchy_level4": "",
  "producthierarchy_level5": "",
  "producthierarchy_level6": "",
  "producthierarchy_level7": "",
  "currency": "Swiss franc",
  "file_name_1": "202272_1.jpg",
  "image_url_1": "https://sortiment.lidl.ch/media/catalog/product/cache/38c728e59b3a47950872534eff8a1e63/2/0/202272_CaramelMacchiato_PSXX.jpg"
},
{
  "_id": {
    "$oid": "66f3a0d4d23ade1eec55f88c"
  },
  "unique_id": "187420",
  "product_name": "Palmolive Cremedusche",
  "brand": "Palmolive",
  "regular_price": 6.8,
  "selling_price": 3.29,
  "price_per_unit": "pro 2x250ml | 100ML = 0.66 CHF",
  "breadcrumb": "Sortiment > Sortiment > Palmolive Cremedusche",
  "pdp_url": "https://sortiment.lidl.ch/de/palmolive-cremedusche-0187420",
  "product_description": "Artikelnr.: 187420 *Konkurrenzvergleich:  25.09.2024 Angebot solange Vorrat.",
  "producthierarchy_level1": "Sortiment",
  "producthierarchy_level2": "Sortiment",
  "producthierarchy_level3": "Palmolive Cremedusche",
  "producthierarchy_level4": "",
  "producthierarchy_level5": "",
  "producthierarchy_level6": "",
  "producthierarchy_level7": "",
  "currency": "Swiss franc",
  "file_name_1": "187420_1.jpg",
  "image_url_1": "https://sortiment.lidl.ch/media/catalog/product/cache/38c728e59b3a47950872534eff8a1e63/1/8/187420_Kokos_PSXX.jpg",
  "file_name_2": "187420_2.jpg",
  "image_url_2": "https://sortiment.lidl.ch/media/catalog/product/cache/38c728e59b3a47950872534eff8a1e63/1/8/187420_Milch_PSXX.jpg",
  "file_name_3": "187420_3.jpg",
  "image_url_3": "https://sortiment.lidl.ch/media/catalog/product/cache/38c728e59b3a47950872534eff8a1e63/1/8/187420_Olive_PSXX.jpg",
  "file_name_4": "187420_4.jpg",
  "image_url_4": "https://sortiment.lidl.ch/media/catalog/product/cache/38c728e59b3a47950872534eff8a1e63/1/8/187420_Sensitive_PSXX.jpg"
},
{
  "_id": {
    "$oid": "66f3a0d5d23ade1eec55f88d"
  },
  "unique_id": "196393",
  "product_name": "Leibniz Cream",
  "brand": "Leibniz",
  "regular_price": 2.79,
  "selling_price": 2.79,
  "price_per_unit": "pro 190g, 228g | 100g = 1.47, 1.23 CHF",
  "breadcrumb": "Sortiment > Sortiment > Leibniz Cream",
  "pdp_url": "https://sortiment.lidl.ch/de/leibniz-cream-0196393",
  "product_description": "Artikelnr.: 196393 Angebot solange Vorrat.",
  "producthierarchy_level1": "Sortiment",
  "producthierarchy_level2": "Sortiment",
  "producthierarchy_level3": "Leibniz Cream",
  "producthierarchy_level4": "",
  "producthierarchy_level5": "",
  "producthierarchy_level6": "",
  "producthierarchy_level7": "",
  "currency": "Swiss franc",
  "file_name_1": "196393_1.jpg",
  "image_url_1": "https://sortiment.lidl.ch/media/catalog/product/cache/38c728e59b3a47950872534eff8a1e63/1/9/196393_Choco_PSXX.jpg",
  "file_name_2": "196393_2.jpg",
  "image_url_2": "https://sortiment.lidl.ch/media/catalog/product/cache/38c728e59b3a47950872534eff8a1e63/1/9/196393_dark_PSXX.jpg",
  "file_name_3": "196393_3.jpg",
  "image_url_3": "https://sortiment.lidl.ch/media/catalog/product/cache/38c728e59b3a47950872534eff8a1e63/1/9/196393_milk_PSXX.jpg"
},
{
  "_id": {
    "$oid": "66f3a0d6d23ade1eec55f88e"
  },
  "unique_id": "5111863",
  "product_name": "Terme di Crodo Soda",
  "brand": "Terme di Crodo",
  "regular_price": 31.2,
  "selling_price": 15.59,
  "price_per_unit": "pro 0,33l | 1L = 47.25 CHF",
  "breadcrumb": "Sortiment > Sortiment > Terme di Crodo Soda",
  "pdp_url": "https://sortiment.lidl.ch/de/terme-di-crodo-soda-5111863",
  "product_description": "Artikelnr.: 5111863 *Konkurrenzvergleich:  25.09.2024 Angebot solange Vorrat.",
  "producthierarchy_level1": "Sortiment",
  "producthierarchy_level2": "Sortiment",
  "producthierarchy_level3": "Terme di Crodo Soda",
  "producthierarchy_level4": "",
  "producthierarchy_level5": "",
  "producthierarchy_level6": "",
  "producthierarchy_level7": "",
  "currency": "Swiss franc",
  "file_name_1": "5111863_1.jpg",
  "image_url_1": "https://sortiment.lidl.ch/media/catalog/product/cache/38c728e59b3a47950872534eff8a1e63/5/1/5111863_Kolli_PSXX.jpg",
  "file_name_2": "5111863_2.jpg",
  "image_url_2": "https://sortiment.lidl.ch/media/catalog/product/cache/38c728e59b3a47950872534eff8a1e63/5/1/5111863_MojitoSoda_PSXX.jpg"
},
{
  "_id": {
    "$oid": "66f3a0d7d23ade1eec55f88f"
  },
  "unique_id": "5107610",
  "product_name": "San Benedetto Thè",
  "brand": "San Benedetto",
  "regular_price": 8.28,
  "selling_price": 6.95,
  "price_per_unit": "pro 12x0,5l | 1L = 1.16 CHF",
  "breadcrumb": "Sortiment > Sortiment > San Benedetto Thè",
  "pdp_url": "https://sortiment.lidl.ch/de/san-benedetto-the-5107610",
  "product_description": "Artikelnr.: 5107610 Angebot solange Vorrat.",
  "producthierarchy_level1": "Sortiment",
  "producthierarchy_level2": "Sortiment",
  "producthierarchy_level3": "San Benedetto Thè",
  "producthierarchy_level4": "",
  "producthierarchy_level5": "",
  "producthierarchy_level6": "",
  "producthierarchy_level7": "",
  "currency": "Swiss franc",
  "file_name_1": "5107610_1.jpg",
  "image_url_1": "https://sortiment.lidl.ch/media/catalog/product/cache/38c728e59b3a47950872534eff8a1e63/5/1/5107610_LimoneDet_PSXX.jpg",
  "file_name_2": "5107610_2.jpg",
  "image_url_2": "https://sortiment.lidl.ch/media/catalog/product/cache/38c728e59b3a47950872534eff8a1e63/5/1/5107610_Limone_PSXX.jpg",
  "file_name_3": "5107610_3.jpg",
  "image_url_3": "https://sortiment.lidl.ch/media/catalog/product/cache/38c728e59b3a47950872534eff8a1e63/5/1/5107610_PescaDet_PSXX.jpg",
  "file_name_4": "5107610_4.jpg",
  "image_url_4": "https://sortiment.lidl.ch/media/catalog/product/cache/38c728e59b3a47950872534eff8a1e63/5/1/5107610_Pesca_PSXX.jpg",
  "file_name_5": "5107610_5.jpg",
  "image_url_5": "https://sortiment.lidl.ch/media/catalog/product/cache/38c728e59b3a47950872534eff8a1e63/5/1/5107610_Verde_PSXX.jpg"
},
{
  "_id": {
    "$oid": "66f3a0d8d23ade1eec55f890"
  },
  "unique_id": "120444",
  "product_name": "Peuceta Primitivo IGP",
  "brand": "",
  "regular_price": 23.94,
  "selling_price": 19.99,
  "price_per_unit": "pro 0,75l | 1L = 26.66 CHF",
  "breadcrumb": "Sortiment > Sortiment > Peuceta Primitivo IGP",
  "pdp_url": "https://sortiment.lidl.ch/de/peuceta-primitivo-igp-0120444",
  "product_description": "Artikelnr.: 120444 Angebot solange Vorrat.",
  "producthierarchy_level1": "Sortiment",
  "producthierarchy_level2": "Sortiment",
  "producthierarchy_level3": "Peuceta Primitivo IGP",
  "producthierarchy_level4": "",
  "producthierarchy_level5": "",
  "producthierarchy_level6": "",
  "producthierarchy_level7": "",
  "currency": "Swiss franc",
  "file_name_1": "120444_1.jpg",
  "image_url_1": "https://sortiment.lidl.ch/media/catalog/product/cache/38c728e59b3a47950872534eff8a1e63/1/2/120444_PSWE.jpg"
},
{
  "_id": {
    "$oid": "66f3a0d9d23ade1eec55f891"
  },
  "unique_id": "5112759",
  "product_name": "Terme di Crodo Oran Soda Zero",
  "brand": "Terme di Crodo",
  "regular_price": 15.59,
  "selling_price": 15.59,
  "price_per_unit": "pro 0.33l | 1L = 47.25 CHF",
  "breadcrumb": "Sortiment > Sortiment > Terme di Crodo Oran Soda Zero",
  "pdp_url": "https://sortiment.lidl.ch/de/terme-di-crodo-oran-soda-zero-5112759",
  "product_description": "Artikelnr.: 5112759 Angebot solange Vorrat.",
  "producthierarchy_level1": "Sortiment",
  "producthierarchy_level2": "Sortiment",
  "producthierarchy_level3": "Terme di Crodo Oran Soda Zero",
  "producthierarchy_level4": "",
  "producthierarchy_level5": "",
  "producthierarchy_level6": "",
  "producthierarchy_level7": "",
  "currency": "Swiss franc",
  "file_name_1": "5112759_1.jpg",
  "image_url_1": "https://sortiment.lidl.ch/media/catalog/product/cache/38c728e59b3a47950872534eff8a1e63/5/1/5112759_24er_Pack_PSXX.jpg",
  "file_name_2": "5112759_2.jpg",
  "image_url_2": "https://sortiment.lidl.ch/media/catalog/product/cache/38c728e59b3a47950872534eff8a1e63/5/1/5112759_Einzeldose_PSXX.jpg"
},
{
  "_id": {
    "$oid": "66f3a0dad23ade1eec55f892"
  },
  "unique_id": "5104937",
  "product_name": "San Pellegrino Mineralwasser",
  "brand": "San Pellegrino",
  "regular_price": 22.8,
  "selling_price": 10.95,
  "price_per_unit": "pro 24x0,5l | 1L = 0.92 CHF",
  "breadcrumb": "Sortiment > Sortiment > San Pellegrino Mineralwasser",
  "pdp_url": "https://sortiment.lidl.ch/de/san-pellegrino-mineralwasser-5104937",
  "product_description": "Artikelnr.: 5104937 *Konkurrenzvergleich:  25.09.2024 Angebot solange Vorrat.",
  "producthierarchy_level1": "Sortiment",
  "producthierarchy_level2": "Sortiment",
  "producthierarchy_level3": "San Pellegrino Mineralwasser",
  "producthierarchy_level4": "",
  "producthierarchy_level5": "",
  "producthierarchy_level6": "",
  "producthierarchy_level7": "",
  "currency": "Swiss franc",
  "file_name_1": "5104937_1.jpg",
  "image_url_1": "https://sortiment.lidl.ch/media/catalog/product/cache/38c728e59b3a47950872534eff8a1e63/5/1/5104937_EF_PSXX.jpg",
  "file_name_2": "5104937_2.jpg",
  "image_url_2": "https://sortiment.lidl.ch/media/catalog/product/cache/38c728e59b3a47950872534eff8a1e63/5/1/5104937_PSXX.jpg"
},
{
  "_id": {
    "$oid": "66f3a0dbd23ade1eec55f893"
  },
  "unique_id": "5112758",
  "product_name": "Terme di Crodo Lemon Soda Zero",
  "brand": "Terme di Crodo",
  "regular_price": 15.59,
  "selling_price": 15.59,
  "price_per_unit": "pro 0,33l | 1L = 47.25 CHF",
  "breadcrumb": "Sortiment > Sortiment > Terme di Crodo Lemon Soda Zero",
  "pdp_url": "https://sortiment.lidl.ch/de/terme-di-crodo-lemon-soda-zero-5112758",
  "product_description": "Artikelnr.: 5112758 Angebot solange Vorrat.",
  "producthierarchy_level1": "Sortiment",
  "producthierarchy_level2": "Sortiment",
  "producthierarchy_level3": "Terme di Crodo Lemon Soda Zero",
  "producthierarchy_level4": "",
  "producthierarchy_level5": "",
  "producthierarchy_level6": "",
  "producthierarchy_level7": "",
  "currency": "Swiss franc",
  "file_name_1": "5112758_1.jpg",
  "image_url_1": "https://sortiment.lidl.ch/media/catalog/product/cache/38c728e59b3a47950872534eff8a1e63/5/1/5112758_24er_Pack_PSXX.jpg",
  "file_name_2": "5112758_2.jpg",
  "image_url_2": "https://sortiment.lidl.ch/media/catalog/product/cache/38c728e59b3a47950872534eff8a1e63/5/1/5112758_Einzeldose_PSXX.jpg"
},
{
  "_id": {
    "$oid": "66f3a0dcd23ade1eec55f894"
  },
  "unique_id": "5103741",
  "product_name": "Cynar",
  "brand": "",
  "regular_price": 16.39,
  "selling_price": 16.39,
  "price_per_unit": "pro 1l",
  "breadcrumb": "Sortiment > Sortiment > Cynar",
  "pdp_url": "https://sortiment.lidl.ch/de/cynar-5103741",
  "product_description": "Artikelnr.: 5103741 Angebot solange Vorrat.",
  "producthierarchy_level1": "Sortiment",
  "producthierarchy_level2": "Sortiment",
  "producthierarchy_level3": "Cynar",
  "producthierarchy_level4": "",
  "producthierarchy_level5": "",
  "producthierarchy_level6": "",
  "producthierarchy_level7": "",
  "currency": "Swiss franc",
  "file_name_1": "5103741_1.jpg",
  "image_url_1": "https://sortiment.lidl.ch/media/catalog/product/cache/38c728e59b3a47950872534eff8a1e63/5/1/5103741_PSXX.jpg"
},
{
  "_id": {
    "$oid": "66f3a0ddd23ade1eec55f895"
  },
  "unique_id": "5101186",
  "product_name": "Terme di Crodo Soda",
  "brand": "Terme di Crodo",
  "regular_price": 31.2,
  "selling_price": 15.59,
  "price_per_unit": "pro 0,33l | 1L = 47.25 CHF",
  "breadcrumb": "Sortiment > Sortiment > Terme di Crodo Soda",
  "pdp_url": "https://sortiment.lidl.ch/de/terme-di-crodo-soda-5101186",
  "product_description": "Artikelnr.: 5101186 *Konkurrenzvergleich:  25.09.2024 Angebot solange Vorrat.",
  "producthierarchy_level1": "Sortiment",
  "producthierarchy_level2": "Sortiment",
  "producthierarchy_level3": "Terme di Crodo Soda",
  "producthierarchy_level4": "",
  "producthierarchy_level5": "",
  "producthierarchy_level6": "",
  "producthierarchy_level7": "",
  "currency": "Swiss franc",
  "file_name_1": "5101186_1.jpg",
  "image_url_1": "https://sortiment.lidl.ch/media/catalog/product/cache/38c728e59b3a47950872534eff8a1e63/5/1/5101186_24erPack_PSXX.jpg",
  "file_name_2": "5101186_2.jpg",
  "image_url_2": "https://sortiment.lidl.ch/media/catalog/product/cache/38c728e59b3a47950872534eff8a1e63/5/1/5101186_ED_PSXX.jpg"
},
{
  "_id": {
    "$oid": "66f3a0ded23ade1eec55f896"
  },
  "unique_id": "5101185",
  "product_name": "Terme di Crodo Soda",
  "brand": "Terme di Crodo",
  "regular_price": 31.2,
  "selling_price": 15.59,
  "price_per_unit": "pro 0,33l | 1L = 47.25 CHF",
  "breadcrumb": "Sortiment > Sortiment > Terme di Crodo Soda",
  "pdp_url": "https://sortiment.lidl.ch/de/terme-di-crodo-soda-5101185",
  "product_description": "Artikelnr.: 5101185 *Konkurrenzvergleich:  25.09.2024 Angebot solange Vorrat.",
  "producthierarchy_level1": "Sortiment",
  "producthierarchy_level2": "Sortiment",
  "producthierarchy_level3": "Terme di Crodo Soda",
  "producthierarchy_level4": "",
  "producthierarchy_level5": "",
  "producthierarchy_level6": "",
  "producthierarchy_level7": "",
  "currency": "Swiss franc",
  "file_name_1": "5101185_1.jpg",
  "image_url_1": "https://sortiment.lidl.ch/media/catalog/product/cache/38c728e59b3a47950872534eff8a1e63/5/1/5101185_24erPack_PSXX.jpg",
  "file_name_2": "5101185_2.jpg",
  "image_url_2": "https://sortiment.lidl.ch/media/catalog/product/cache/38c728e59b3a47950872534eff8a1e63/5/1/5101185_ED_PSXX.jpg"
},
{
  "_id": {
    "$oid": "66f3a0dfd23ade1eec55f897"
  },
  "unique_id": "1035",
  "product_name": "Averna Amaro Siciliano",
  "brand": "Averna",
  "regular_price": 17.95,
  "selling_price": 17.95,
  "price_per_unit": "pro 0,7l | 1L = 25.65 CHF",
  "breadcrumb": "Sortiment > Sortiment > Averna Amaro Siciliano",
  "pdp_url": "https://sortiment.lidl.ch/de/averna-amaro-siciliano-0001035",
  "product_description": "Artikelnr.: 1035 Angebot solange Vorrat.",
  "producthierarchy_level1": "Sortiment",
  "producthierarchy_level2": "Sortiment",
  "producthierarchy_level3": "Averna Amaro Siciliano",
  "producthierarchy_level4": "",
  "producthierarchy_level5": "",
  "producthierarchy_level6": "",
  "producthierarchy_level7": "",
  "currency": "Swiss franc",
  "file_name_1": "1035_1.jpg",
  "image_url_1": "https://sortiment.lidl.ch/media/catalog/product/cache/38c728e59b3a47950872534eff8a1e63/1/0/1035_PSXX.jpg"
},
{
  "_id": {
    "$oid": "66f3a0e0d23ade1eec55f898"
  },
  "unique_id": "5112493",
  "product_name": "Pernigotti Gianduiotto Classic",
  "brand": "Pernigotti",
  "regular_price": 3.89,
  "selling_price": 3.89,
  "price_per_unit": "pro 140g | 100g = 2.78 CHF",
  "breadcrumb": "Sortiment > Sortiment > Pernigotti Gianduiotto Classic",
  "pdp_url": "https://sortiment.lidl.ch/de/pernigotti-gianduiotto-classic-5112493",
  "product_description": "Artikelnr.: 5112493 Angebot solange Vorrat.",
  "producthierarchy_level1": "Sortiment",
  "producthierarchy_level2": "Sortiment",
  "producthierarchy_level3": "Pernigotti Gianduiotto Classic",
  "producthierarchy_level4": "",
  "producthierarchy_level5": "",
  "producthierarchy_level6": "",
  "producthierarchy_level7": "",
  "currency": "Swiss franc",
  "file_name_1": "5112493_1.jpg",
  "image_url_1": "https://sortiment.lidl.ch/media/catalog/product/cache/38c728e59b3a47950872534eff8a1e63/5/1/5112493_Gianduiotto_Classic_PSXX.jpg"
},
{
  "_id": {
    "$oid": "66f3a0e1d23ade1eec55f899"
  },
  "unique_id": "5112491",
  "product_name": "Pernigotti Gianduia Classic",
  "brand": "Pernigotti",
  "regular_price": 5.79,
  "selling_price": 5.79,
  "price_per_unit": "pro 330g | 100g = 1.76 CHF",
  "breadcrumb": "Sortiment > Sortiment > Pernigotti Gianduia Classic",
  "pdp_url": "https://sortiment.lidl.ch/de/pernigotti-gianduia-classic-5112491",
  "product_description": "Artikelnr.: 5112491 Angebot solange Vorrat.",
  "producthierarchy_level1": "Sortiment",
  "producthierarchy_level2": "Sortiment",
  "producthierarchy_level3": "Pernigotti Gianduia Classic",
  "producthierarchy_level4": "",
  "producthierarchy_level5": "",
  "producthierarchy_level6": "",
  "producthierarchy_level7": "",
  "currency": "Swiss franc",
  "file_name_1": "5112491_1.jpg",
  "image_url_1": "https://sortiment.lidl.ch/media/catalog/product/cache/38c728e59b3a47950872534eff8a1e63/5/1/5112491_Gianduia_Classic_PSXX.jpg"
},
{
  "_id": {
    "$oid": "66f3a0e2d23ade1eec55f89a"
  },
  "unique_id": "5110943",
  "product_name": "Lavazza Crema e Gusto Tradizione",
  "brand": "Lavazza",
  "regular_price": 11.95,
  "selling_price": 11.95,
  "price_per_unit": "pro 1kg",
  "breadcrumb": "Sortiment > Sortiment > Lavazza Crema e Gusto Tradizione",
  "pdp_url": "https://sortiment.lidl.ch/de/lavazza-crema-e-gusto-tradizione-5110943",
  "product_description": "Artikelnr.: 5110943 Angebot solange Vorrat.",
  "producthierarchy_level1": "Sortiment",
  "producthierarchy_level2": "Sortiment",
  "producthierarchy_level3": "Lavazza Crema e Gusto Tradizione",
  "producthierarchy_level4": "",
  "producthierarchy_level5": "",
  "producthierarchy_level6": "",
  "producthierarchy_level7": "",
  "currency": "Swiss franc",
  "file_name_1": "5110943_1.jpg",
  "image_url_1": "https://sortiment.lidl.ch/media/catalog/product/cache/38c728e59b3a47950872534eff8a1e63/5/1/5110943_PSXX.jpg"
},
{
  "_id": {
    "$oid": "66f3a0e3d23ade1eec55f89b"
  },
  "unique_id": "5112989",
  "product_name": "Lavazza Crema e Gusto Kaffee gemahlen",
  "brand": "Lavazza",
  "regular_price": 3.99,
  "selling_price": 3.99,
  "price_per_unit": "pro 250g | 100g = 1.60 CHF",
  "breadcrumb": "Sortiment > Sortiment > Lavazza Crema e Gusto Kaffee gemahlen",
  "pdp_url": "https://sortiment.lidl.ch/de/lavazza-crema-e-gusto-kaffee-gemahlen-5112989",
  "product_description": "Artikelnr.: 5112989 Angebot solange Vorrat.",
  "producthierarchy_level1": "Sortiment",
  "producthierarchy_level2": "Sortiment",
  "producthierarchy_level3": "Lavazza Crema e Gusto Kaffee gemahlen",
  "producthierarchy_level4": "",
  "producthierarchy_level5": "",
  "producthierarchy_level6": "",
  "producthierarchy_level7": "",
  "currency": "Swiss franc",
  "file_name_1": "5112989_1.jpg",
  "image_url_1": "https://sortiment.lidl.ch/media/catalog/product/cache/38c728e59b3a47950872534eff8a1e63/5/1/5112989_PSXX.jpg"
},
{
  "_id": {
    "$oid": "66f3a0e4d23ade1eec55f89c"
  },
  "unique_id": "5112949",
  "product_name": "Lavazza Caffé Crema Gustoso",
  "brand": "Lavazza",
  "regular_price": 11.95,
  "selling_price": 11.95,
  "price_per_unit": "pro 1kg",
  "breadcrumb": "Sortiment > Sortiment > Lavazza Caffé Crema Gustoso",
  "pdp_url": "https://sortiment.lidl.ch/de/lavazza-caffe-crema-gustoso-5112949",
  "product_description": "Artikelnr.: 5112949 Angebot solange Vorrat.",
  "producthierarchy_level1": "Sortiment",
  "producthierarchy_level2": "Sortiment",
  "producthierarchy_level3": "Lavazza Caffé Crema Gustoso",
  "producthierarchy_level4": "",
  "producthierarchy_level5": "",
  "producthierarchy_level6": "",
  "producthierarchy_level7": "",
  "currency": "Swiss franc",
  "file_name_1": "5112949_1.jpg",
  "image_url_1": "https://sortiment.lidl.ch/media/catalog/product/cache/38c728e59b3a47950872534eff8a1e63/5/1/5112949_PSXX.jpg"
},
{
  "_id": {
    "$oid": "66f3a0e5d23ade1eec55f89d"
  },
  "unique_id": "5112496",
  "product_name": "Pernigotti Cremino Dark",
  "brand": "Pernigotti",
  "regular_price": 3.89,
  "selling_price": 3.89,
  "price_per_unit": "pro 140g | 100g = 2.78 CHF",
  "breadcrumb": "Sortiment > Sortiment > Pernigotti Cremino Dark",
  "pdp_url": "https://sortiment.lidl.ch/de/pernigotti-cremino-dark-5112496",
  "product_description": "Artikelnr.: 5112496 Angebot solange Vorrat.",
  "producthierarchy_level1": "Sortiment",
  "producthierarchy_level2": "Sortiment",
  "producthierarchy_level3": "Pernigotti Cremino Dark",
  "producthierarchy_level4": "",
  "producthierarchy_level5": "",
  "producthierarchy_level6": "",
  "producthierarchy_level7": "",
  "currency": "Swiss franc",
  "file_name_1": "5112496_1.jpg",
  "image_url_1": "https://sortiment.lidl.ch/media/catalog/product/cache/38c728e59b3a47950872534eff8a1e63/5/1/5112496_Cremino_Dark_PSXX.jpg"
},
{
  "_id": {
    "$oid": "66f3a0e6d23ade1eec55f89e"
  },
  "unique_id": "5112495",
  "product_name": "Pernigotti Cremino Classic",
  "brand": "Pernigotti",
  "regular_price": 3.89,
  "selling_price": 3.89,
  "price_per_unit": "pro 140g | 100g = 2.78 CHF",
  "breadcrumb": "Sortiment > Sortiment > Pernigotti Cremino Classic",
  "pdp_url": "https://sortiment.lidl.ch/de/pernigotti-cremino-classic-5112495",
  "product_description": "Artikelnr.: 5112495 Angebot solange Vorrat.",
  "producthierarchy_level1": "Sortiment",
  "producthierarchy_level2": "Sortiment",
  "producthierarchy_level3": "Pernigotti Cremino Classic",
  "producthierarchy_level4": "",
  "producthierarchy_level5": "",
  "producthierarchy_level6": "",
  "producthierarchy_level7": "",
  "currency": "Swiss franc",
  "file_name_1": "5112495_1.jpg",
  "image_url_1": "https://sortiment.lidl.ch/media/catalog/product/cache/38c728e59b3a47950872534eff8a1e63/5/1/5112495_Cremino_Classic_PSXX.jpg"
},
{
  "_id": {
    "$oid": "66f3a0e7d23ade1eec55f89f"
  },
  "unique_id": "5112494",
  "product_name": "Pernigotti Gianduiotto Dark",
  "brand": "Pernigotti",
  "regular_price": 3.89,
  "selling_price": 3.89,
  "price_per_unit": "pro 140g | 100g = 2.78 CHF",
  "breadcrumb": "Sortiment > Sortiment > Pernigotti Gianduiotto Dark",
  "pdp_url": "https://sortiment.lidl.ch/de/pernigotti-gianduiotto-dark-5112494",
  "product_description": "Artikelnr.: 5112494 Angebot solange Vorrat.",
  "producthierarchy_level1": "Sortiment",
  "producthierarchy_level2": "Sortiment",
  "producthierarchy_level3": "Pernigotti Gianduiotto Dark",
  "producthierarchy_level4": "",
  "producthierarchy_level5": "",
  "producthierarchy_level6": "",
  "producthierarchy_level7": "",
  "currency": "Swiss franc",
  "file_name_1": "5112494_1.jpg",
  "image_url_1": "https://sortiment.lidl.ch/media/catalog/product/cache/38c728e59b3a47950872534eff8a1e63/5/1/5112494_Gianduiotto_Dark_PSXX.jpg"
},
{
  "_id": {
    "$oid": "66f3a0e8d23ade1eec55f8a0"
  },
  "unique_id": "5106570",
  "product_name": "Lavazza Qualita Rossa",
  "brand": "Lavazza",
  "regular_price": 18.2,
  "selling_price": 11.95,
  "price_per_unit": "pro 1kg",
  "breadcrumb": "Sortiment > Sortiment > Lavazza Qualita Rossa",
  "pdp_url": "https://sortiment.lidl.ch/de/lavazza-qualita-rossa-5106570",
  "product_description": "Artikelnr.: 5106570 *Konkurrenzvergleich:  25.09.2024 Angebot solange Vorrat.",
  "producthierarchy_level1": "Sortiment",
  "producthierarchy_level2": "Sortiment",
  "producthierarchy_level3": "Lavazza Qualita Rossa",
  "producthierarchy_level4": "",
  "producthierarchy_level5": "",
  "producthierarchy_level6": "",
  "producthierarchy_level7": "",
  "currency": "Swiss franc",
  "file_name_1": "5106570_1.jpg",
  "image_url_1": "https://sortiment.lidl.ch/media/catalog/product/cache/38c728e59b3a47950872534eff8a1e63/5/1/5106570_PSXX_1.jpg"
},
{
  "_id": {
    "$oid": "66f3a0e9d23ade1eec55f8a1"
  },
  "unique_id": "6000941",
  "product_name": "Snack mit Haselnusscremefüllung",
  "brand": "Italiamo",
  "regular_price": 1.99,
  "selling_price": 1.99,
  "price_per_unit": "pro 222g | 100g = 0.90 CHF",
  "breadcrumb": "Sortiment > Sortiment > Snack mit Haselnusscremefüllung",
  "pdp_url": "https://sortiment.lidl.ch/de/snack-mit-haselnusscremefuellung-6000941",
  "product_description": "Artikelnr.: 6000941 Angebot solange Vorrat.",
  "producthierarchy_level1": "Sortiment",
  "producthierarchy_level2": "Sortiment",
  "producthierarchy_level3": "Snack mit Haselnusscremefüllung",
  "producthierarchy_level4": "",
  "producthierarchy_level5": "",
  "producthierarchy_level6": "",
  "producthierarchy_level7": "",
  "currency": "Swiss franc",
  "file_name_1": "6000941_1.jpg",
  "image_url_1": "https://sortiment.lidl.ch/media/catalog/product/cache/38c728e59b3a47950872534eff8a1e63/6/0/6000941_PSXX.jpg"
},
{
  "_id": {
    "$oid": "66f3a0ead23ade1eec55f8a2"
  },
  "unique_id": "5112492",
  "product_name": "Pernigotti Gianduia Dark",
  "brand": "Pernigotti",
  "regular_price": 5.79,
  "selling_price": 5.79,
  "price_per_unit": "pro 330g | 100g = 1.76 CHF",
  "breadcrumb": "Sortiment > Sortiment > Pernigotti Gianduia Dark",
  "pdp_url": "https://sortiment.lidl.ch/de/pernigotti-gianduia-dark-5112492",
  "product_description": "Artikelnr.: 5112492 Angebot solange Vorrat.",
  "producthierarchy_level1": "Sortiment",
  "producthierarchy_level2": "Sortiment",
  "producthierarchy_level3": "Pernigotti Gianduia Dark",
  "producthierarchy_level4": "",
  "producthierarchy_level5": "",
  "producthierarchy_level6": "",
  "producthierarchy_level7": "",
  "currency": "Swiss franc",
  "file_name_1": "5112492_1.jpg",
  "image_url_1": "https://sortiment.lidl.ch/media/catalog/product/cache/38c728e59b3a47950872534eff8a1e63/5/1/5112492_Gianduia_Dark_PSXX.jpg"
},
{
  "_id": {
    "$oid": "66f3a0ebd23ade1eec55f8a3"
  },
  "unique_id": "6000214",
  "product_name": "Cornetti",
  "brand": "Italiamo",
  "regular_price": 2.89,
  "selling_price": 2.89,
  "price_per_unit": "pro 500g | 100g = 0.58 CHF",
  "breadcrumb": "Sortiment > Sortiment > Cornetti",
  "pdp_url": "https://sortiment.lidl.ch/de/cornetti-6000214",
  "product_description": "Artikelnr.: 6000214 Angebot solange Vorrat.",
  "producthierarchy_level1": "Sortiment",
  "producthierarchy_level2": "Sortiment",
  "producthierarchy_level3": "Cornetti",
  "producthierarchy_level4": "",
  "producthierarchy_level5": "",
  "producthierarchy_level6": "",
  "producthierarchy_level7": "",
  "currency": "Swiss franc",
  "file_name_1": "6000214_1.jpg",
  "image_url_1": "https://sortiment.lidl.ch/media/catalog/product/cache/38c728e59b3a47950872534eff8a1e63/6/0/6000214_PSXX.jpg"
},
{
  "_id": {
    "$oid": "66f3a0ecd23ade1eec55f8a4"
  },
  "unique_id": "6000213",
  "product_name": "Cornetti",
  "brand": "Italiamo",
  "regular_price": 2.89,
  "selling_price": 2.89,
  "price_per_unit": "pro 500g | 100g = 0.58 CHF",
  "breadcrumb": "Sortiment > Sortiment > Cornetti",
  "pdp_url": "https://sortiment.lidl.ch/de/cornetti-6000213",
  "product_description": "Artikelnr.: 6000213 Angebot solange Vorrat.",
  "producthierarchy_level1": "Sortiment",
  "producthierarchy_level2": "Sortiment",
  "producthierarchy_level3": "Cornetti",
  "producthierarchy_level4": "",
  "producthierarchy_level5": "",
  "producthierarchy_level6": "",
  "producthierarchy_level7": "",
  "currency": "Swiss franc",
  "file_name_1": "6000213_1.jpg",
  "image_url_1": "https://sortiment.lidl.ch/media/catalog/product/cache/38c728e59b3a47950872534eff8a1e63/6/0/6000213_PSXX.jpg"
},
{
  "_id": {
    "$oid": "66f3a0edd23ade1eec55f8a5"
  },
  "unique_id": "6930",
  "product_name": "San Benedetto Mineralwasser",
  "brand": "San Benedetto",
  "regular_price": 0.65,
  "selling_price": 0.65,
  "price_per_unit": "pro 2l | 1L = 0.33 CHF",
  "breadcrumb": "Sortiment > Sortiment > San Benedetto Mineralwasser",
  "pdp_url": "https://sortiment.lidl.ch/de/san-benedetto-mineralwasser-0006930",
  "product_description": "Artikelnr.: 6930 Angebot solange Vorrat.",
  "producthierarchy_level1": "Sortiment",
  "producthierarchy_level2": "Sortiment",
  "producthierarchy_level3": "San Benedetto Mineralwasser",
  "producthierarchy_level4": "",
  "producthierarchy_level5": "",
  "producthierarchy_level6": "",
  "producthierarchy_level7": "",
  "currency": "Swiss franc",
  "file_name_1": "6930_1.jpg",
  "image_url_1": "https://sortiment.lidl.ch/media/catalog/product/cache/38c728e59b3a47950872534eff8a1e63/6/9/6930_PSXX.jpg"
},
{
  "_id": {
    "$oid": "66f3a0eed23ade1eec55f8a6"
  },
  "unique_id": "3910",
  "product_name": "Barilla Napoletana Sauce",
  "brand": "Barilla",
  "regular_price": 17.94,
  "selling_price": 10.95,
  "price_per_unit": "pro 6x400g | 100g = 0.46 CHF",
  "breadcrumb": "Sortiment > Sortiment > Barilla Napoletana Sauce",
  "pdp_url": "https://sortiment.lidl.ch/de/barilla-napoletana-sauce-0003910",
  "product_description": "Artikelnr.: 3910 Angebot solange Vorrat.",
  "producthierarchy_level1": "Sortiment",
  "producthierarchy_level2": "Sortiment",
  "producthierarchy_level3": "Barilla Napoletana Sauce",
  "producthierarchy_level4": "",
  "producthierarchy_level5": "",
  "producthierarchy_level6": "",
  "producthierarchy_level7": "",
  "currency": "Swiss franc",
  "file_name_1": "3910_1.jpg",
  "image_url_1": "https://sortiment.lidl.ch/media/catalog/product/cache/38c728e59b3a47950872534eff8a1e63/3/9/3910_PSXX.jpg"
},
{
  "_id": {
    "$oid": "66f3a0efd23ade1eec55f8a7"
  },
  "unique_id": "5112749",
  "product_name": "Cirio Olivenöl Extra Vergine",
  "brand": "Cirio",
  "regular_price": 12.99,
  "selling_price": 12.99,
  "price_per_unit": "pro 1l",
  "breadcrumb": "Sortiment > Sortiment > Cirio Olivenöl Extra Vergine",
  "pdp_url": "https://sortiment.lidl.ch/de/cirio-olivenoel-extra-vergine-5112749",
  "product_description": "Artikelnr.: 5112749 Angebot solange Vorrat.",
  "producthierarchy_level1": "Sortiment",
  "producthierarchy_level2": "Sortiment",
  "producthierarchy_level3": "Cirio Olivenöl Extra Vergine",
  "producthierarchy_level4": "",
  "producthierarchy_level5": "",
  "producthierarchy_level6": "",
  "producthierarchy_level7": "",
  "currency": "Swiss franc",
  "file_name_1": "5112749_1.jpg",
  "image_url_1": "https://sortiment.lidl.ch/media/catalog/product/cache/38c728e59b3a47950872534eff8a1e63/5/1/5112749_PSXX.jpg"
},
{
  "_id": {
    "$oid": "66f3a0f1d23ade1eec55f8a8"
  },
  "unique_id": "3907",
  "product_name": "Barilla Basilico Sauce",
  "brand": "Barilla",
  "regular_price": 17.94,
  "selling_price": 10.95,
  "price_per_unit": "pro 6x400g | 100g = 0.46 CHF",
  "breadcrumb": "Sortiment > Sortiment > Barilla Basilico Sauce",
  "pdp_url": "https://sortiment.lidl.ch/de/barilla-basilico-sauce-0003907",
  "product_description": "Artikelnr.: 3907 Angebot solange Vorrat.",
  "producthierarchy_level1": "Sortiment",
  "producthierarchy_level2": "Sortiment",
  "producthierarchy_level3": "Barilla Basilico Sauce",
  "producthierarchy_level4": "",
  "producthierarchy_level5": "",
  "producthierarchy_level6": "",
  "producthierarchy_level7": "",
  "currency": "Swiss franc",
  "file_name_1": "3907_1.jpg",
  "image_url_1": "https://sortiment.lidl.ch/media/catalog/product/cache/38c728e59b3a47950872534eff8a1e63/3/9/3907_PSXX.jpg"
},
{
  "_id": {
    "$oid": "66f3a0f2d23ade1eec55f8a9"
  },
  "unique_id": "3909",
  "product_name": "Barilla Arrabbiata Sauce",
  "brand": "Barilla",
  "regular_price": 17.94,
  "selling_price": 10.95,
  "price_per_unit": "pro 6x400g | 100g = 0.46 CHF",
  "breadcrumb": "Sortiment > Sortiment > Barilla Arrabbiata Sauce",
  "pdp_url": "https://sortiment.lidl.ch/de/barilla-arrabbiata-sauce-0003909",
  "product_description": "Artikelnr.: 3909 Angebot solange Vorrat.",
  "producthierarchy_level1": "Sortiment",
  "producthierarchy_level2": "Sortiment",
  "producthierarchy_level3": "Barilla Arrabbiata Sauce",
  "producthierarchy_level4": "",
  "producthierarchy_level5": "",
  "producthierarchy_level6": "",
  "producthierarchy_level7": "",
  "currency": "Swiss franc",
  "file_name_1": "3909_1.jpg",
  "image_url_1": "https://sortiment.lidl.ch/media/catalog/product/cache/38c728e59b3a47950872534eff8a1e63/3/9/3909_PSXX.jpg"
},
{
  "_id": {
    "$oid": "66f3a0f3d23ade1eec55f8aa"
  },
  "unique_id": "1858",
  "product_name": "Barilla Pesto Rustico",
  "brand": "Barilla",
  "regular_price": 4.5,
  "selling_price": 3.45,
  "price_per_unit": "pro 200g | 100g = 1.73 CHF",
  "breadcrumb": "Sortiment > Sortiment > Barilla Pesto Rustico",
  "pdp_url": "https://sortiment.lidl.ch/de/barilla-pesto-rustico-0001858",
  "product_description": "Artikelnr.: 1858 *Konkurrenzvergleich:  25.09.2024 Angebot solange Vorrat.",
  "producthierarchy_level1": "Sortiment",
  "producthierarchy_level2": "Sortiment",
  "producthierarchy_level3": "Barilla Pesto Rustico",
  "producthierarchy_level4": "",
  "producthierarchy_level5": "",
  "producthierarchy_level6": "",
  "producthierarchy_level7": "",
  "currency": "Swiss franc",
  "file_name_1": "1858_1.jpg",
  "image_url_1": "https://sortiment.lidl.ch/media/catalog/product/cache/38c728e59b3a47950872534eff8a1e63/1/8/1858_Verdure_Mediterranee_PSXX.jpg"
},
{
  "_id": {
    "$oid": "66f3a0f4d23ade1eec55f8ab"
  },
  "unique_id": "6001211",
  "product_name": "Pesto",
  "brand": "Italiamo",
  "regular_price": 1.59,
  "selling_price": 1.59,
  "price_per_unit": "pro 180g | 100g = 0.89 CHF",
  "breadcrumb": "Sortiment > Sortiment > Pesto",
  "pdp_url": "https://sortiment.lidl.ch/de/pesto-6001211",
  "product_description": "Artikelnr.: 6001211 Angebot solange Vorrat.",
  "producthierarchy_level1": "Sortiment",
  "producthierarchy_level2": "Sortiment",
  "producthierarchy_level3": "Pesto",
  "producthierarchy_level4": "",
  "producthierarchy_level5": "",
  "producthierarchy_level6": "",
  "producthierarchy_level7": "",
  "currency": "Swiss franc",
  "file_name_1": "6001211_1.jpg",
  "image_url_1": "https://sortiment.lidl.ch/media/catalog/product/cache/38c728e59b3a47950872534eff8a1e63/6/0/6001211_Basilikum_PSXX.jpg",
  "file_name_2": "6001211_2.jpg",
  "image_url_2": "https://sortiment.lidl.ch/media/catalog/product/cache/38c728e59b3a47950872534eff8a1e63/6/0/6001211_Rosso_PSXX.jpg"
},
{
  "_id": {
    "$oid": "66f3a0f5d23ade1eec55f8ac"
  },
  "unique_id": "6015028",
  "product_name": "Nduja aus Spilinga",
  "brand": "Italiamo",
  "regular_price": 5.99,
  "selling_price": 5.99,
  "price_per_unit": "pro 200g | 100g = 3.00 CHF",
  "breadcrumb": "Sortiment > Sortiment > Nduja aus Spilinga",
  "pdp_url": "https://sortiment.lidl.ch/de/nduja-aus-spilinga-6015028",
  "product_description": "Artikelnr.: 6015028 Angebot solange Vorrat.",
  "producthierarchy_level1": "Sortiment",
  "producthierarchy_level2": "Sortiment",
  "producthierarchy_level3": "Nduja aus Spilinga",
  "producthierarchy_level4": "",
  "producthierarchy_level5": "",
  "producthierarchy_level6": "",
  "producthierarchy_level7": "",
  "currency": "Swiss franc",
  "file_name_1": "6015028_1.jpg",
  "image_url_1": "https://sortiment.lidl.ch/media/catalog/product/cache/38c728e59b3a47950872534eff8a1e63/6/0/6015028_PSXX.jpg"
},
{
  "_id": {
    "$oid": "66f3a0f6d23ade1eec55f8ad"
  },
  "unique_id": "39128",
  "product_name": "Balsamico Sauce",
  "brand": "Italiamo",
  "regular_price": 1.49,
  "selling_price": 1.49,
  "price_per_unit": "pro 250ml | 1L = 5.96 CHF",
  "breadcrumb": "Sortiment > Sortiment > Balsamico Sauce",
  "pdp_url": "https://sortiment.lidl.ch/de/balsamico-sauce-0039128",
  "product_description": "Artikelnr.: 39128 Angebot solange Vorrat.",
  "producthierarchy_level1": "Sortiment",
  "producthierarchy_level2": "Sortiment",
  "producthierarchy_level3": "Balsamico Sauce",
  "producthierarchy_level4": "",
  "producthierarchy_level5": "",
  "producthierarchy_level6": "",
  "producthierarchy_level7": "",
  "currency": "Swiss franc",
  "file_name_1": "39128_1.jpg",
  "image_url_1": "https://sortiment.lidl.ch/media/catalog/product/cache/38c728e59b3a47950872534eff8a1e63/3/9/39128_Himbeere_PSXX.jpg",
  "file_name_2": "39128_2.jpg",
  "image_url_2": "https://sortiment.lidl.ch/media/catalog/product/cache/38c728e59b3a47950872534eff8a1e63/3/9/39128_Klassisch_PSXX.jpg",
  "file_name_3": "39128_3.jpg",
  "image_url_3": "https://sortiment.lidl.ch/media/catalog/product/cache/38c728e59b3a47950872534eff8a1e63/3/9/39128_Orange_PSXX.jpg"
},
{
  "_id": {
    "$oid": "66f3a0f7d23ade1eec55f8ae"
  },
  "unique_id": "29238",
  "product_name": "Gehackte Tomaten",
  "brand": "Italiamo",
  "regular_price": 0.99,
  "selling_price": 0.99,
  "price_per_unit": "pro 260g (Abtropfgewicht) | 100g = 0.39 CHF",
  "breadcrumb": "Sortiment > Sortiment > Gehackte Tomaten",
  "pdp_url": "https://sortiment.lidl.ch/de/gehackte-tomaten-0029238",
  "product_description": "Artikelnr.: 29238 Angebot solange Vorrat.",
  "producthierarchy_level1": "Sortiment",
  "producthierarchy_level2": "Sortiment",
  "producthierarchy_level3": "Gehackte Tomaten",
  "producthierarchy_level4": "",
  "producthierarchy_level5": "",
  "producthierarchy_level6": "",
  "producthierarchy_level7": "",
  "currency": "Swiss franc",
  "file_name_1": "29238_1.jpg",
  "image_url_1": "https://sortiment.lidl.ch/media/catalog/product/cache/38c728e59b3a47950872534eff8a1e63/2/9/29238_arrabbiata_PSXX.jpg",
  "file_name_2": "29238_2.jpg",
  "image_url_2": "https://sortiment.lidl.ch/media/catalog/product/cache/38c728e59b3a47950872534eff8a1e63/2/9/29238_basilico_PSXX.jpg",
  "file_name_3": "29238_3.jpg",
  "image_url_3": "https://sortiment.lidl.ch/media/catalog/product/cache/38c728e59b3a47950872534eff8a1e63/2/9/29238_cipolla_aglio_PSXX.jpg"
},
{
  "_id": {
    "$oid": "66f3a0f8d23ade1eec55f8af"
  },
  "unique_id": "5106385",
  "product_name": "Findus Cannelloni Fiorentina",
  "brand": "Findus",
  "regular_price": 7.3,
  "selling_price": 5.49,
  "price_per_unit": "pro 600g | 100g = 0.92 CHF",
  "breadcrumb": "Sortiment > Sortiment > Findus Cannelloni Fiorentina",
  "pdp_url": "https://sortiment.lidl.ch/de/findus-cannelloni-fiorentina-5106385",
  "product_description": "Artikelnr.: 5106385 *Konkurrenzvergleich:  25.09.2024 Angebot solange Vorrat.",
  "producthierarchy_level1": "Sortiment",
  "producthierarchy_level2": "Sortiment",
  "producthierarchy_level3": "Findus Cannelloni Fiorentina",
  "producthierarchy_level4": "",
  "producthierarchy_level5": "",
  "producthierarchy_level6": "",
  "producthierarchy_level7": "",
  "currency": "Swiss franc",
  "file_name_1": "5106385_1.jpg",
  "image_url_1": "https://sortiment.lidl.ch/media/catalog/product/cache/38c728e59b3a47950872534eff8a1e63/5/1/5106385_PSXX.jpg"
},
{
  "_id": {
    "$oid": "66f3a0f9d23ade1eec55f8b0"
  },
  "unique_id": "132819",
  "product_name": "Risotti",
  "brand": "Italiamo",
  "regular_price": 1.29,
  "selling_price": 1.29,
  "price_per_unit": "pro 175g | 100g = 0.74 CHF",
  "breadcrumb": "Sortiment > Sortiment > Risotti",
  "pdp_url": "https://sortiment.lidl.ch/de/risotti-0132819",
  "product_description": "Artikelnr.: 132819 Angebot solange Vorrat.",
  "producthierarchy_level1": "Sortiment",
  "producthierarchy_level2": "Sortiment",
  "producthierarchy_level3": "Risotti",
  "producthierarchy_level4": "",
  "producthierarchy_level5": "",
  "producthierarchy_level6": "",
  "producthierarchy_level7": "",
  "currency": "Swiss franc",
  "file_name_1": "132819_1.jpg",
  "image_url_1": "https://sortiment.lidl.ch/media/catalog/product/cache/38c728e59b3a47950872534eff8a1e63/1/3/132819_Milanese_PSXX.jpg",
  "file_name_2": "132819_2.jpg",
  "image_url_2": "https://sortiment.lidl.ch/media/catalog/product/cache/38c728e59b3a47950872534eff8a1e63/1/3/132819_QuattroFormaggi_PSXX.jpg"
},
{
  "_id": {
    "$oid": "66f3a0fad23ade1eec55f8b1"
  },
  "unique_id": "6003109",
  "product_name": "Fladenbrot",
  "brand": "Italiamo",
  "regular_price": 1.59,
  "selling_price": 1.59,
  "price_per_unit": "pro 2x115g | 100g = 0.70 CHF",
  "breadcrumb": "Sortiment > Sortiment > Fladenbrot",
  "pdp_url": "https://sortiment.lidl.ch/de/fladenbrot-6003109",
  "product_description": "Artikelnr.: 6003109 Angebot solange Vorrat.",
  "producthierarchy_level1": "Sortiment",
  "producthierarchy_level2": "Sortiment",
  "producthierarchy_level3": "Fladenbrot",
  "producthierarchy_level4": "",
  "producthierarchy_level5": "",
  "producthierarchy_level6": "",
  "producthierarchy_level7": "",
  "currency": "Swiss franc",
  "file_name_1": "6003109_1.jpg",
  "image_url_1": "https://sortiment.lidl.ch/media/catalog/product/cache/38c728e59b3a47950872534eff8a1e63/6/0/6003109_PSXX.jpg"
},
{
  "_id": {
    "$oid": "66f3a0fbd23ade1eec55f8b2"
  },
  "unique_id": "6000996",
  "product_name": "Pecorino Romano",
  "brand": "Italiamo",
  "regular_price": 2.49,
  "selling_price": 2.49,
  "price_per_unit": "pro 100g",
  "breadcrumb": "Sortiment > Sortiment > Pecorino Romano",
  "pdp_url": "https://sortiment.lidl.ch/de/pecorino-romano-6000996",
  "product_description": "Artikelnr.: 6000996 Angebot solange Vorrat.",
  "producthierarchy_level1": "Sortiment",
  "producthierarchy_level2": "Sortiment",
  "producthierarchy_level3": "Pecorino Romano",
  "producthierarchy_level4": "",
  "producthierarchy_level5": "",
  "producthierarchy_level6": "",
  "producthierarchy_level7": "",
  "currency": "Swiss franc",
  "file_name_1": "6000996_1.jpg",
  "image_url_1": "https://sortiment.lidl.ch/media/catalog/product/cache/38c728e59b3a47950872534eff8a1e63/6/0/6000996_PSXX.jpg"
},
{
  "_id": {
    "$oid": "66f3a0fcd23ade1eec55f8b3"
  },
  "unique_id": "6000067",
  "product_name": "Strolghino Salami",
  "brand": "Italiamo",
  "regular_price": 6.99,
  "selling_price": 6.99,
  "price_per_unit": "pro 250g | 100g = 2.80 CHF",
  "breadcrumb": "Sortiment > Sortiment > Strolghino Salami",
  "pdp_url": "https://sortiment.lidl.ch/de/strolghino-salami-6000067",
  "product_description": "Artikelnr.: 6000067 Angebot solange Vorrat.",
  "producthierarchy_level1": "Sortiment",
  "producthierarchy_level2": "Sortiment",
  "producthierarchy_level3": "Strolghino Salami",
  "producthierarchy_level4": "",
  "producthierarchy_level5": "",
  "producthierarchy_level6": "",
  "producthierarchy_level7": "",
  "currency": "Swiss franc",
  "file_name_1": "6000067_1.jpg",
  "image_url_1": "https://sortiment.lidl.ch/media/catalog/product/cache/38c728e59b3a47950872534eff8a1e63/6/0/6000067_FKBF.jpg",
  "file_name_2": "6000067_2.jpg",
  "image_url_2": "https://sortiment.lidl.ch/media/catalog/product/cache/38c728e59b3a47950872534eff8a1e63/6/0/6000067_PSXX.jpg"
},
{
  "_id": {
    "$oid": "66f3a0fdd23ade1eec55f8b4"
  },
  "unique_id": "98191",
  "product_name": "Parmigiano Reggiano",
  "brand": "Italiamo",
  "regular_price": 1.99,
  "selling_price": 1.99,
  "price_per_unit": "pro 100g",
  "breadcrumb": "Sortiment > Sortiment > Parmigiano Reggiano",
  "pdp_url": "https://sortiment.lidl.ch/de/parmigiano-reggiano-0098191",
  "product_description": "Artikelnr.: 98191 Angebot solange Vorrat.",
  "producthierarchy_level1": "Sortiment",
  "producthierarchy_level2": "Sortiment",
  "producthierarchy_level3": "Parmigiano Reggiano",
  "producthierarchy_level4": "",
  "producthierarchy_level5": "",
  "producthierarchy_level6": "",
  "producthierarchy_level7": "",
  "currency": "Swiss franc",
  "file_name_1": "98191_1.jpg",
  "image_url_1": "https://sortiment.lidl.ch/media/catalog/product/cache/38c728e59b3a47950872534eff8a1e63/9/8/98191_gehobelt_PSXX.jpg",
  "file_name_2": "98191_2.jpg",
  "image_url_2": "https://sortiment.lidl.ch/media/catalog/product/cache/38c728e59b3a47950872534eff8a1e63/9/8/98191_grated_PSXX.jpg"
},
{
  "_id": {
    "$oid": "66f3a0fed23ade1eec55f8b5"
  },
  "unique_id": "6308",
  "product_name": "Super Bock Bier 24er-Pack",
  "brand": "Super Bock",
  "regular_price": 27.8,
  "selling_price": 16.95,
  "price_per_unit": "pro 24x0,33l | 1L = 2.15 CHF",
  "breadcrumb": "Sortiment > Sortiment > Super Bock Bier 24er-Pack",
  "pdp_url": "https://sortiment.lidl.ch/de/super-bock-bier-24er-pack-0006308",
  "product_description": "Artikelnr.: 6308 *Konkurrenzvergleich:  25.09.2024 Angebot solange Vorrat.",
  "producthierarchy_level1": "Sortiment",
  "producthierarchy_level2": "Sortiment",
  "producthierarchy_level3": "Super Bock Bier 24er-Pack",
  "producthierarchy_level4": "",
  "producthierarchy_level5": "",
  "producthierarchy_level6": "",
  "producthierarchy_level7": "",
  "currency": "Swiss franc",
  "file_name_1": "6308_1.jpg",
  "image_url_1": "https://sortiment.lidl.ch/media/catalog/product/cache/38c728e59b3a47950872534eff8a1e63/6/3/6308_Pack_PSXX.jpg"
},
{
  "_id": {
    "$oid": "66f3a0ffd23ade1eec55f8b6"
  },
  "unique_id": "5113003",
  "product_name": "Meli Passionsfrucht Nectar",
  "brand": "Meli",
  "regular_price": 2.29,
  "selling_price": 2.29,
  "price_per_unit": "pro 1000ml",
  "breadcrumb": "Sortiment > Sortiment > Meli Passionsfrucht Nectar",
  "pdp_url": "https://sortiment.lidl.ch/de/meli-passionsfrucht-nectar-5113003",
  "product_description": "Artikelnr.: 5113003 Angebot solange Vorrat.",
  "producthierarchy_level1": "Sortiment",
  "producthierarchy_level2": "Sortiment",
  "producthierarchy_level3": "Meli Passionsfrucht Nectar",
  "producthierarchy_level4": "",
  "producthierarchy_level5": "",
  "producthierarchy_level6": "",
  "producthierarchy_level7": "",
  "currency": "Swiss franc",
  "file_name_1": "5113003_1.jpg",
  "image_url_1": "https://sortiment.lidl.ch/media/catalog/product/cache/38c728e59b3a47950872534eff8a1e63/5/1/5113003_PSXX.jpg"
},
{
  "_id": {
    "$oid": "66f3a100d23ade1eec55f8b7"
  },
  "unique_id": "5113002",
  "product_name": "Meli Mango Nectar",
  "brand": "Meli",
  "regular_price": 2.09,
  "selling_price": 2.09,
  "price_per_unit": "pro 1000ml",
  "breadcrumb": "Sortiment > Sortiment > Meli Mango Nectar",
  "pdp_url": "https://sortiment.lidl.ch/de/meli-mango-nectar-5113002",
  "product_description": "Artikelnr.: 5113002 Angebot solange Vorrat.",
  "producthierarchy_level1": "Sortiment",
  "producthierarchy_level2": "Sortiment",
  "producthierarchy_level3": "Meli Mango Nectar",
  "producthierarchy_level4": "",
  "producthierarchy_level5": "",
  "producthierarchy_level6": "",
  "producthierarchy_level7": "",
  "currency": "Swiss franc",
  "file_name_1": "5113002_1.jpg",
  "image_url_1": "https://sortiment.lidl.ch/media/catalog/product/cache/38c728e59b3a47950872534eff8a1e63/5/1/5113002_PSXX.jpg"
},
{
  "_id": {
    "$oid": "66f3a101d23ade1eec55f8b8"
  },
  "unique_id": "5113001",
  "product_name": "Meli Guave Nectar",
  "brand": "Meli",
  "regular_price": 2.09,
  "selling_price": 2.09,
  "price_per_unit": "pro 1000ml",
  "breadcrumb": "Sortiment > Sortiment > Meli Guave Nectar",
  "pdp_url": "https://sortiment.lidl.ch/de/meli-guave-nectar-5113001",
  "product_description": "Artikelnr.: 5113001 Angebot solange Vorrat.",
  "producthierarchy_level1": "Sortiment",
  "producthierarchy_level2": "Sortiment",
  "producthierarchy_level3": "Meli Guave Nectar",
  "producthierarchy_level4": "",
  "producthierarchy_level5": "",
  "producthierarchy_level6": "",
  "producthierarchy_level7": "",
  "currency": "Swiss franc",
  "file_name_1": "5113001_1.jpg",
  "image_url_1": "https://sortiment.lidl.ch/media/catalog/product/cache/38c728e59b3a47950872534eff8a1e63/5/1/5113001_PSXX.jpg"
},
{
  "_id": {
    "$oid": "66f3a102d23ade1eec55f8b9"
  },
  "unique_id": "5113006",
  "product_name": "Nocco Black Orange",
  "brand": "Nocco",
  "regular_price": 2.5,
  "selling_price": 1.95,
  "price_per_unit": "pro 330ml | 1L = 5.91 CHF",
  "breadcrumb": "Sortiment > Sortiment > Nocco Black Orange",
  "pdp_url": "https://sortiment.lidl.ch/de/nocco-black-orange-5113006",
  "product_description": "Artikelnr.: 5113006 *Konkurrenzvergleich:  25.09.2024 Angebot solange Vorrat.",
  "producthierarchy_level1": "Sortiment",
  "producthierarchy_level2": "Sortiment",
  "producthierarchy_level3": "Nocco Black Orange",
  "producthierarchy_level4": "",
  "producthierarchy_level5": "",
  "producthierarchy_level6": "",
  "producthierarchy_level7": "",
  "currency": "Swiss franc",
  "file_name_1": "5113006_1.jpg",
  "image_url_1": "https://sortiment.lidl.ch/media/catalog/product/cache/38c728e59b3a47950872534eff8a1e63/5/1/5113006_PSXX.jpg"
},
{
  "_id": {
    "$oid": "66f3a103d23ade1eec55f8ba"
  },
  "unique_id": "5113005",
  "product_name": "Nocco Romonade",
  "brand": "Nocco",
  "regular_price": 2.5,
  "selling_price": 1.95,
  "price_per_unit": "pro 330ml | 1L = 5.91 CHF",
  "breadcrumb": "Sortiment > Sortiment > Nocco Romonade",
  "pdp_url": "https://sortiment.lidl.ch/de/nocco-romonade-5113005",
  "product_description": "Artikelnr.: 5113005 *Konkurrenzvergleich:  25.09.2024 Angebot solange Vorrat.",
  "producthierarchy_level1": "Sortiment",
  "producthierarchy_level2": "Sortiment",
  "producthierarchy_level3": "Nocco Romonade",
  "producthierarchy_level4": "",
  "producthierarchy_level5": "",
  "producthierarchy_level6": "",
  "producthierarchy_level7": "",
  "currency": "Swiss franc",
  "file_name_1": "5113005_1.jpg",
  "image_url_1": "https://sortiment.lidl.ch/media/catalog/product/cache/38c728e59b3a47950872534eff8a1e63/5/1/5113005_PSXX.jpg"
},
{
  "_id": {
    "$oid": "66f3a104d23ade1eec55f8bb"
  },
  "unique_id": "5112454",
  "product_name": "Nocco Blood Orange del Sol",
  "brand": "Nocco",
  "regular_price": 2.5,
  "selling_price": 1.95,
  "price_per_unit": "pro 330ml | 1L = 5.91 CHF",
  "breadcrumb": "Sortiment > Sortiment > Nocco Blood Orange del Sol",
  "pdp_url": "https://sortiment.lidl.ch/de/nocco-blood-orange-del-sol-5112454",
  "product_description": "Artikelnr.: 5112454 *Konkurrenzvergleich:  25.09.2024 Angebot solange Vorrat.",
  "producthierarchy_level1": "Sortiment",
  "producthierarchy_level2": "Sortiment",
  "producthierarchy_level3": "Nocco Blood Orange del Sol",
  "producthierarchy_level4": "",
  "producthierarchy_level5": "",
  "producthierarchy_level6": "",
  "producthierarchy_level7": "",
  "currency": "Swiss franc",
  "file_name_1": "5112454_1.jpg",
  "image_url_1": "https://sortiment.lidl.ch/media/catalog/product/cache/38c728e59b3a47950872534eff8a1e63/5/1/5112454_PSXX.jpg"
},
{
  "_id": {
    "$oid": "66f3a105d23ade1eec55f8bc"
  },
  "unique_id": "5112452",
  "product_name": "Nocco Mango",
  "brand": "Nocco",
  "regular_price": 2.5,
  "selling_price": 1.95,
  "price_per_unit": "pro 330ml | 1L = 5.91 CHF",
  "breadcrumb": "Sortiment > Sortiment > Nocco Mango",
  "pdp_url": "https://sortiment.lidl.ch/de/nocco-mango-5112452",
  "product_description": "Artikelnr.: 5112452 *Konkurrenzvergleich:  25.09.2024 Angebot solange Vorrat.",
  "producthierarchy_level1": "Sortiment",
  "producthierarchy_level2": "Sortiment",
  "producthierarchy_level3": "Nocco Mango",
  "producthierarchy_level4": "",
  "producthierarchy_level5": "",
  "producthierarchy_level6": "",
  "producthierarchy_level7": "",
  "currency": "Swiss franc",
  "file_name_1": "5112452_1.jpg",
  "image_url_1": "https://sortiment.lidl.ch/media/catalog/product/cache/38c728e59b3a47950872534eff8a1e63/5/1/5112452_PSXX.jpg"
},
{
  "_id": {
    "$oid": "66f3a106d23ade1eec55f8bd"
  },
  "unique_id": "5112453",
  "product_name": "Nocco Pfirsich",
  "brand": "Nocco",
  "regular_price": 2.5,
  "selling_price": 1.95,
  "price_per_unit": "pro 330ml | 1L = 5.91 CHF",
  "breadcrumb": "Sortiment > Sortiment > Nocco Pfirsich",
  "pdp_url": "https://sortiment.lidl.ch/de/nocco-pfirsich-5112453",
  "product_description": "Artikelnr.: 5112453 *Konkurrenzvergleich:  25.09.2024 Angebot solange Vorrat.",
  "producthierarchy_level1": "Sortiment",
  "producthierarchy_level2": "Sortiment",
  "producthierarchy_level3": "Nocco Pfirsich",
  "producthierarchy_level4": "",
  "producthierarchy_level5": "",
  "producthierarchy_level6": "",
  "producthierarchy_level7": "",
  "currency": "Swiss franc",
  "file_name_1": "5112453_1.jpg",
  "image_url_1": "https://sortiment.lidl.ch/media/catalog/product/cache/38c728e59b3a47950872534eff8a1e63/5/1/5112453_PSXX.jpg"
},
{
  "_id": {
    "$oid": "66f3a107d23ade1eec55f8be"
  },
  "unique_id": "5112451",
  "product_name": "Nocco Limon del Sol",
  "brand": "Nocco",
  "regular_price": 2.5,
  "selling_price": 1.95,
  "price_per_unit": "pro 330ml | 1L = 5.91 CHF",
  "breadcrumb": "Sortiment > Sortiment > Nocco Limon del Sol",
  "pdp_url": "https://sortiment.lidl.ch/de/nocco-limon-del-sol-5112451",
  "product_description": "Artikelnr.: 5112451 *Konkurrenzvergleich:  25.09.2024 Angebot solange Vorrat.",
  "producthierarchy_level1": "Sortiment",
  "producthierarchy_level2": "Sortiment",
  "producthierarchy_level3": "Nocco Limon del Sol",
  "producthierarchy_level4": "",
  "producthierarchy_level5": "",
  "producthierarchy_level6": "",
  "producthierarchy_level7": "",
  "currency": "Swiss franc",
  "file_name_1": "5112451_1.jpg",
  "image_url_1": "https://sortiment.lidl.ch/media/catalog/product/cache/38c728e59b3a47950872534eff8a1e63/5/1/5112451_PSXX.jpg"
},
{
  "_id": {
    "$oid": "66f3a108d23ade1eec55f8bf"
  },
  "unique_id": "5104994",
  "product_name": "Sinalco Original",
  "brand": "Sinalco",
  "regular_price": 14.35,
  "selling_price": 8.59,
  "price_per_unit": "pro 6x1,5l | 1L = 0.96 CHF",
  "breadcrumb": "Sortiment > Sortiment > Sinalco Original",
  "pdp_url": "https://sortiment.lidl.ch/de/sinalco-original-5104994",
  "product_description": "Artikelnr.: 5104994 *Konkurrenzvergleich:  25.09.2024 Angebot solange Vorrat.",
  "producthierarchy_level1": "Sortiment",
  "producthierarchy_level2": "Sortiment",
  "producthierarchy_level3": "Sinalco Original",
  "producthierarchy_level4": "",
  "producthierarchy_level5": "",
  "producthierarchy_level6": "",
  "producthierarchy_level7": "",
  "currency": "Swiss franc",
  "file_name_1": "5104994_1.jpg",
  "image_url_1": "https://sortiment.lidl.ch/media/catalog/product/cache/38c728e59b3a47950872534eff8a1e63/5/1/5104994_EF_PSXX.jpg",
  "file_name_2": "5104994_2.jpg",
  "image_url_2": "https://sortiment.lidl.ch/media/catalog/product/cache/38c728e59b3a47950872534eff8a1e63/5/1/5104994_Pack_PSXX.jpg"
},
{
  "_id": {
    "$oid": "66f3a10ad23ade1eec55f8c0"
  },
  "unique_id": "156339",
  "product_name": "Kalifornische Pistazien XXL",
  "brand": "Alesto",
  "regular_price": 7.98,
  "selling_price": 5.99,
  "price_per_unit": "pro 500g | 100g = 1.20 CHF",
  "breadcrumb": "Sortiment > Sortiment > Kalifornische Pistazien XXL",
  "pdp_url": "https://sortiment.lidl.ch/de/kalifornische-pistazien-xxl-0156339",
  "product_description": "Artikelnr.: 156339 Angebot solange Vorrat.",
  "producthierarchy_level1": "Sortiment",
  "producthierarchy_level2": "Sortiment",
  "producthierarchy_level3": "Kalifornische Pistazien XXL",
  "producthierarchy_level4": "",
  "producthierarchy_level5": "",
  "producthierarchy_level6": "",
  "producthierarchy_level7": "",
  "currency": "Swiss franc",
  "file_name_1": "156339_1.jpg",
  "image_url_1": "https://sortiment.lidl.ch/media/catalog/product/cache/38c728e59b3a47950872534eff8a1e63/1/5/156339_PSXX.jpg"
},
{
  "_id": {
    "$oid": "66f3a10bd23ade1eec55f8c1"
  },
  "unique_id": "5112665",
  "product_name": "Wernli Wiener Waffeln Trio",
  "brand": "Wernli",
  "regular_price": 11.1,
  "selling_price": 7.39,
  "price_per_unit": "pro 3x150g | 100g = 1.65 CHF",
  "breadcrumb": "Sortiment > Sortiment > Wernli Wiener Waffeln Trio",
  "pdp_url": "https://sortiment.lidl.ch/de/wernli-wiener-waffeln-trio-5112665",
  "product_description": "Artikelnr.: 5112665 *Konkurrenzvergleich:  25.09.2024 Angebot solange Vorrat.",
  "producthierarchy_level1": "Sortiment",
  "producthierarchy_level2": "Sortiment",
  "producthierarchy_level3": "Wernli Wiener Waffeln Trio",
  "producthierarchy_level4": "",
  "producthierarchy_level5": "",
  "producthierarchy_level6": "",
  "producthierarchy_level7": "",
  "currency": "Swiss franc",
  "file_name_1": "5112665_1.jpg",
  "image_url_1": "https://sortiment.lidl.ch/media/catalog/product/cache/38c728e59b3a47950872534eff8a1e63/5/1/5112665_PSXX.jpg"
},
{
  "_id": {
    "$oid": "66f3a10cd23ade1eec55f8c2"
  },
  "unique_id": "5111718",
  "product_name": "Wernli Japonais Trio",
  "brand": "Wernli",
  "regular_price": 11.1,
  "selling_price": 7.39,
  "price_per_unit": "pro 3x100g | 100g = 2.47 CHF",
  "breadcrumb": "Sortiment > Sortiment > Wernli Japonais Trio",
  "pdp_url": "https://sortiment.lidl.ch/de/wernli-japonais-trio-5111718",
  "product_description": "Artikelnr.: 5111718 *Konkurrenzvergleich:  25.09.2024 Angebot solange Vorrat.",
  "producthierarchy_level1": "Sortiment",
  "producthierarchy_level2": "Sortiment",
  "producthierarchy_level3": "Wernli Japonais Trio",
  "producthierarchy_level4": "",
  "producthierarchy_level5": "",
  "producthierarchy_level6": "",
  "producthierarchy_level7": "",
  "currency": "Swiss franc",
  "file_name_1": "5111718_1.jpg",
  "image_url_1": "https://sortiment.lidl.ch/media/catalog/product/cache/38c728e59b3a47950872534eff8a1e63/5/1/5111718_PSXX.jpg"
},
{
  "_id": {
    "$oid": "66f3a10dd23ade1eec55f8c3"
  },
  "unique_id": "5108919",
  "product_name": "Wernli Choco Petit Beurre",
  "brand": "Wernli",
  "regular_price": 11.07,
  "selling_price": 7.39,
  "price_per_unit": "pro 3x125g | 100g = 1.98 CHF",
  "breadcrumb": "Sortiment > Sortiment > Wernli Choco Petit Beurre",
  "pdp_url": "https://sortiment.lidl.ch/de/wernli-choco-petit-beurre-5108919",
  "product_description": "Artikelnr.: 5108919 Angebot solange Vorrat.",
  "producthierarchy_level1": "Sortiment",
  "producthierarchy_level2": "Sortiment",
  "producthierarchy_level3": "Wernli Choco Petit Beurre",
  "producthierarchy_level4": "",
  "producthierarchy_level5": "",
  "producthierarchy_level6": "",
  "producthierarchy_level7": "",
  "currency": "Swiss franc",
  "file_name_1": "5108919_1.jpg",
  "image_url_1": "https://sortiment.lidl.ch/media/catalog/product/cache/38c728e59b3a47950872534eff8a1e63/5/1/5108919_PSXX.jpg"
},
{
  "_id": {
    "$oid": "66f3a10ed23ade1eec55f8c4"
  },
  "unique_id": "5108918",
  "product_name": "Wernli Butterherzli Trio",
  "brand": "Wernli",
  "regular_price": 11.07,
  "selling_price": 7.39,
  "price_per_unit": "pro 3x100g | 100g = 2.47 CHF",
  "breadcrumb": "Sortiment > Sortiment > Wernli Butterherzli Trio",
  "pdp_url": "https://sortiment.lidl.ch/de/wernli-butterherzli-trio-5108918",
  "product_description": "Artikelnr.: 5108918 Angebot solange Vorrat.",
  "producthierarchy_level1": "Sortiment",
  "producthierarchy_level2": "Sortiment",
  "producthierarchy_level3": "Wernli Butterherzli Trio",
  "producthierarchy_level4": "",
  "producthierarchy_level5": "",
  "producthierarchy_level6": "",
  "producthierarchy_level7": "",
  "currency": "Swiss franc",
  "file_name_1": "5108918_1.jpg",
  "image_url_1": "https://sortiment.lidl.ch/media/catalog/product/cache/38c728e59b3a47950872534eff8a1e63/5/1/5108918_PSXX.jpg"
},
{
  "_id": {
    "$oid": "66f3a10fd23ade1eec55f8c5"
  },
  "unique_id": "8399",
  "product_name": "Ariel All in 1 Pods Regular",
  "brand": "Ariel",
  "regular_price": 59.5,
  "selling_price": 26.95,
  "price_per_unit": "pro 76 Stück | 1 Stk = 0.36 CHF",
  "breadcrumb": "Sortiment > Sortiment > Ariel All in 1 Pods Regular",
  "pdp_url": "https://sortiment.lidl.ch/de/ariel-all-in-1-pods-regular-0008399",
  "product_description": "Artikelnr.: 8399 Angebot solange Vorrat.",
  "producthierarchy_level1": "Sortiment",
  "producthierarchy_level2": "Sortiment",
  "producthierarchy_level3": "Ariel All in 1 Pods Regular",
  "producthierarchy_level4": "",
  "producthierarchy_level5": "",
  "producthierarchy_level6": "",
  "producthierarchy_level7": "",
  "currency": "Swiss franc",
  "file_name_1": "8399_1.jpg",
  "image_url_1": "https://sortiment.lidl.ch/media/catalog/product/cache/38c728e59b3a47950872534eff8a1e63/8/3/8399_PSXX.jpg"
},
{
  "_id": {
    "$oid": "66f3a110d23ade1eec55f8c6"
  },
  "unique_id": "8402",
  "product_name": "Ariel All in 1 Pods Color",
  "brand": "Ariel",
  "regular_price": 59.5,
  "selling_price": 26.95,
  "price_per_unit": "pro 76 Stück | 1 Stk = 0.36 CHF",
  "breadcrumb": "Sortiment > Sortiment > Ariel All in 1 Pods Color",
  "pdp_url": "https://sortiment.lidl.ch/de/ariel-all-in-1-pods-color-0008402",
  "product_description": "Artikelnr.: 8402 Angebot solange Vorrat.",
  "producthierarchy_level1": "Sortiment",
  "producthierarchy_level2": "Sortiment",
  "producthierarchy_level3": "Ariel All in 1 Pods Color",
  "producthierarchy_level4": "",
  "producthierarchy_level5": "",
  "producthierarchy_level6": "",
  "producthierarchy_level7": "",
  "currency": "Swiss franc",
  "file_name_1": "8402_1.jpg",
  "image_url_1": "https://sortiment.lidl.ch/media/catalog/product/cache/38c728e59b3a47950872534eff8a1e63/8/4/8402_PSXX.jpg"
},
{
  "_id": {
    "$oid": "66f3a111d23ade1eec55f8c7"
  },
  "unique_id": "8445",
  "product_name": "Varta Longlife Batterien Big Box",
  "brand": "Varta",
  "regular_price": 22.42,
  "selling_price": 9.99,
  "price_per_unit": "pro 12 Stück | 1 Stk = 0.84 CHF",
  "breadcrumb": "Sortiment > Sortiment > Varta Longlife Batterien Big Box",
  "pdp_url": "https://sortiment.lidl.ch/de/varta-longlife-batterien-big-box-0008445",
  "product_description": "Artikelnr.: 8445 *Konkurrenzvergleich:  25.09.2024 Angebot solange Vorrat.",
  "producthierarchy_level1": "Sortiment",
  "producthierarchy_level2": "Sortiment",
  "producthierarchy_level3": "Varta Longlife Batterien Big Box",
  "producthierarchy_level4": "",
  "producthierarchy_level5": "",
  "producthierarchy_level6": "",
  "producthierarchy_level7": "",
  "currency": "Swiss franc",
  "file_name_1": "8445_1.jpg",
  "image_url_1": "https://sortiment.lidl.ch/media/catalog/product/cache/38c728e59b3a47950872534eff8a1e63/8/4/8445_2A_PSXX.jpg",
  "file_name_2": "8445_2.jpg",
  "image_url_2": "https://sortiment.lidl.ch/media/catalog/product/cache/38c728e59b3a47950872534eff8a1e63/8/4/8445_3A_PSXX.jpg"
},
{
  "_id": {
    "$oid": "66f3a112d23ade1eec55f8c8"
  },
  "unique_id": "8706",
  "product_name": "Felix Katzennahrung in Gelée",
  "brand": "Felix",
  "regular_price": 26.16,
  "selling_price": 13.95,
  "price_per_unit": "pro 40x85g | 100g = 0.42 CHF",
  "breadcrumb": "Sortiment > Sortiment > Felix Katzennahrung in Gelée",
  "pdp_url": "https://sortiment.lidl.ch/de/felix-katzennahrung-in-gelee-0008706",
  "product_description": "Artikelnr.: 8706 Angebot solange Vorrat.",
  "producthierarchy_level1": "Sortiment",
  "producthierarchy_level2": "Sortiment",
  "producthierarchy_level3": "Felix Katzennahrung in Gelée",
  "producthierarchy_level4": "",
  "producthierarchy_level5": "",
  "producthierarchy_level6": "",
  "producthierarchy_level7": "",
  "currency": "Swiss franc",
  "file_name_1": "8706_1.jpg",
  "image_url_1": "https://sortiment.lidl.ch/media/catalog/product/cache/38c728e59b3a47950872534eff8a1e63/8/7/8706_PSXX.jpg"
},
{
  "_id": {
    "$oid": "66f3a113d23ade1eec55f8c9"
  },
  "unique_id": "1800495",
  "product_name": "Ariel Pods All-in-1",
  "brand": "Ariel",
  "regular_price": 59.5,
  "selling_price": 26.95,
  "price_per_unit": "pro 76 Stück | 1 Stk = 0.36 CHF",
  "breadcrumb": "Sortiment > Sortiment > Ariel Pods All-in-1",
  "pdp_url": "https://sortiment.lidl.ch/de/ariel-pods-all-in-1-1800495",
  "product_description": "Artikelnr.: 1800495 Angebot solange Vorrat.",
  "producthierarchy_level1": "Sortiment",
  "producthierarchy_level2": "Sortiment",
  "producthierarchy_level3": "Ariel Pods All-in-1",
  "producthierarchy_level4": "",
  "producthierarchy_level5": "",
  "producthierarchy_level6": "",
  "producthierarchy_level7": "",
  "currency": "Swiss franc",
  "file_name_1": "1800495_1.jpg",
  "image_url_1": "https://sortiment.lidl.ch/media/catalog/product/cache/38c728e59b3a47950872534eff8a1e63/1/8/1800495_PSXX.jpg"
},
{
  "_id": {
    "$oid": "66f3a114d23ade1eec55f8ca"
  },
  "unique_id": "6468",
  "product_name": "Knorr Risotto",
  "brand": "Knorr",
  "regular_price": 7.9,
  "selling_price": 4.95,
  "price_per_unit": "pro 2x250g | 100g = 0.99 CHF",
  "breadcrumb": "Sortiment > Sortiment > Knorr Risotto",
  "pdp_url": "https://sortiment.lidl.ch/de/knorr-risotto-0006468",
  "product_description": "Artikelnr.: 6468 Angebot solange Vorrat.",
  "producthierarchy_level1": "Sortiment",
  "producthierarchy_level2": "Sortiment",
  "producthierarchy_level3": "Knorr Risotto",
  "producthierarchy_level4": "",
  "producthierarchy_level5": "",
  "producthierarchy_level6": "",
  "producthierarchy_level7": "",
  "currency": "Swiss franc",
  "file_name_1": "6468_1.jpg",
  "image_url_1": "https://sortiment.lidl.ch/media/catalog/product/cache/38c728e59b3a47950872534eff8a1e63/6/4/6468_Milanese_PSXX.jpg",
  "file_name_2": "6468_2.jpg",
  "image_url_2": "https://sortiment.lidl.ch/media/catalog/product/cache/38c728e59b3a47950872534eff8a1e63/6/4/6468_Tomato_PSXX.jpg"
},
{
  "_id": {
    "$oid": "66f3a115d23ade1eec55f8cb"
  },
  "unique_id": "5110543",
  "product_name": "Hinterschinken Duopack",
  "brand": "",
  "regular_price": 7.18,
  "selling_price": 4.79,
  "price_per_unit": "pro 2x200g | 100g = 1.20 CHF",
  "breadcrumb": "Sortiment > Sortiment > Hinterschinken Duopack",
  "pdp_url": "https://sortiment.lidl.ch/de/hinterschinken-duopack-5110543",
  "product_description": "Artikelnr.: 5110543 Angebot solange Vorrat.",
  "producthierarchy_level1": "Sortiment",
  "producthierarchy_level2": "Sortiment",
  "producthierarchy_level3": "Hinterschinken Duopack",
  "producthierarchy_level4": "",
  "producthierarchy_level5": "",
  "producthierarchy_level6": "",
  "producthierarchy_level7": "",
  "currency": "Swiss franc",
  "file_name_1": "5110543_1.jpg",
  "image_url_1": "https://sortiment.lidl.ch/media/catalog/product/cache/38c728e59b3a47950872534eff8a1e63/5/1/5110543_FKBF.jpg",
  "file_name_2": "5110543_2.jpg",
  "image_url_2": "https://sortiment.lidl.ch/media/catalog/product/cache/38c728e59b3a47950872534eff8a1e63/5/1/5110543_PSXX.jpg"
},
{
  "_id": {
    "$oid": "66f3a116d23ade1eec55f8cc"
  },
  "unique_id": "5112401",
  "product_name": "Kalbsbratwurst",
  "brand": "Maestade",
  "regular_price": 3.99,
  "selling_price": 3.99,
  "price_per_unit": "pro 2x130g | 100g = 1.54 CHF",
  "breadcrumb": "Sortiment > Sortiment > Kalbsbratwurst",
  "pdp_url": "https://sortiment.lidl.ch/de/kalbsbratwurst-5112401",
  "product_description": "Artikelnr.: 5112401 Angebot solange Vorrat.",
  "producthierarchy_level1": "Sortiment",
  "producthierarchy_level2": "Sortiment",
  "producthierarchy_level3": "Kalbsbratwurst",
  "producthierarchy_level4": "",
  "producthierarchy_level5": "",
  "producthierarchy_level6": "",
  "producthierarchy_level7": "",
  "currency": "Swiss franc",
  "file_name_1": "5112401_1.jpg",
  "image_url_1": "https://sortiment.lidl.ch/media/catalog/product/cache/38c728e59b3a47950872534eff8a1e63/5/1/5112401_PSXX.jpg"
},
{
  "_id": {
    "$oid": "66f3a117d23ade1eec55f8cd"
  },
  "unique_id": "1800077",
  "product_name": "Lusso Magnum Double Starchaser",
  "brand": "Lusso",
  "regular_price": 9.5,
  "selling_price": 7.59,
  "price_per_unit": "pro 340ml | 1L = 22.33 CHF",
  "breadcrumb": "Sortiment > Sortiment > Lusso Magnum Double Starchaser",
  "pdp_url": "https://sortiment.lidl.ch/de/lusso-magnum-double-starchaser-1800077",
  "product_description": "Artikelnr.: 1800077 *Konkurrenzvergleich:  25.09.2024 Angebot solange Vorrat.",
  "producthierarchy_level1": "Sortiment",
  "producthierarchy_level2": "Sortiment",
  "producthierarchy_level3": "Lusso Magnum Double Starchaser",
  "producthierarchy_level4": "",
  "producthierarchy_level5": "",
  "producthierarchy_level6": "",
  "producthierarchy_level7": "",
  "currency": "Swiss franc",
  "file_name_1": "1800077_1.jpg",
  "image_url_1": "https://sortiment.lidl.ch/media/catalog/product/cache/38c728e59b3a47950872534eff8a1e63/1/8/1800077_Magnum_Double_PSXX.jpg"
},
{
  "_id": {
    "$oid": "66f3a118d23ade1eec55f8ce"
  },
  "unique_id": "1800427",
  "product_name": "Lusso Magnum Almond",
  "brand": "Lusso",
  "regular_price": 12.65,
  "selling_price": 8.95,
  "price_per_unit": "pro 8x100ml | 1L = 11.19 CHF",
  "breadcrumb": "Sortiment > Sortiment > Lusso Magnum Almond",
  "pdp_url": "https://sortiment.lidl.ch/de/lusso-magnum-almond-1800427",
  "product_description": "Artikelnr.: 1800427 *Konkurrenzvergleich:  25.09.2024 Angebot solange Vorrat.",
  "producthierarchy_level1": "Sortiment",
  "producthierarchy_level2": "Sortiment",
  "producthierarchy_level3": "Lusso Magnum Almond",
  "producthierarchy_level4": "",
  "producthierarchy_level5": "",
  "producthierarchy_level6": "",
  "producthierarchy_level7": "",
  "currency": "Swiss franc",
  "file_name_1": "1800427_1.jpg",
  "image_url_1": "https://sortiment.lidl.ch/media/catalog/product/cache/38c728e59b3a47950872534eff8a1e63/1/8/1800427_Almond_PSXX.jpg"
},
{
  "_id": {
    "$oid": "66f3a119d23ade1eec55f8cf"
  },
  "unique_id": "213242",
  "product_name": "Langnese Magnum Classic",
  "brand": "Langnese",
  "regular_price": 12.65,
  "selling_price": 8.95,
  "price_per_unit": "pro 800ml | 1L = 11.19 CHF",
  "breadcrumb": "Sortiment > Sortiment > Langnese Magnum Classic",
  "pdp_url": "https://sortiment.lidl.ch/de/langnese-magnum-classic-0213242",
  "product_description": "Artikelnr.: 213242 *Konkurrenzvergleich:  25.09.2024 Angebot solange Vorrat.",
  "producthierarchy_level1": "Sortiment",
  "producthierarchy_level2": "Sortiment",
  "producthierarchy_level3": "Langnese Magnum Classic",
  "producthierarchy_level4": "",
  "producthierarchy_level5": "",
  "producthierarchy_level6": "",
  "producthierarchy_level7": "",
  "currency": "Swiss franc",
  "file_name_1": "213242_1.jpg",
  "image_url_1": "https://sortiment.lidl.ch/media/catalog/product/cache/38c728e59b3a47950872534eff8a1e63/2/1/213242_PSXX.jpg"
},
{
  "_id": {
    "$oid": "66f3a11ad23ade1eec55f8d0"
  },
  "unique_id": "8695",
  "product_name": "Lusso Twister Mini Stieleis",
  "brand": "Lusso",
  "regular_price": 9.5,
  "selling_price": 7.35,
  "price_per_unit": "pro 400ml | 1L = 18.38 CHF",
  "breadcrumb": "Sortiment > Sortiment > Lusso Twister Mini Stieleis",
  "pdp_url": "https://sortiment.lidl.ch/de/lusso-twister-mini-stieleis-0008695",
  "product_description": "Artikelnr.: 8695 *Konkurrenzvergleich:  25.09.2024 Angebot solange Vorrat.",
  "producthierarchy_level1": "Sortiment",
  "producthierarchy_level2": "Sortiment",
  "producthierarchy_level3": "Lusso Twister Mini Stieleis",
  "producthierarchy_level4": "",
  "producthierarchy_level5": "",
  "producthierarchy_level6": "",
  "producthierarchy_level7": "",
  "currency": "Swiss franc",
  "file_name_1": "8695_1.jpg",
  "image_url_1": "https://sortiment.lidl.ch/media/catalog/product/cache/38c728e59b3a47950872534eff8a1e63/8/6/8695_PSXX.jpg"
},
{
  "_id": {
    "$oid": "66f3a11bd23ade1eec55f8d1"
  },
  "unique_id": "169427",
  "product_name": "Cronuts Choco 2er",
  "brand": "",
  "regular_price": 1.99,
  "selling_price": 1.99,
  "price_per_unit": "pro 156g | 100g = 1.28 CHF",
  "breadcrumb": "Sortiment > Sortiment > Cronuts Choco 2er",
  "pdp_url": "https://sortiment.lidl.ch/de/cronuts-choco-2er-0169427",
  "product_description": "Artikelnr.: 169427 Angebot solange Vorrat.",
  "producthierarchy_level1": "Sortiment",
  "producthierarchy_level2": "Sortiment",
  "producthierarchy_level3": "Cronuts Choco 2er",
  "producthierarchy_level4": "",
  "producthierarchy_level5": "",
  "producthierarchy_level6": "",
  "producthierarchy_level7": "",
  "currency": "Swiss franc",
  "file_name_1": "169427_1.jpg",
  "image_url_1": "https://sortiment.lidl.ch/media/catalog/product/cache/38c728e59b3a47950872534eff8a1e63/1/6/169427_PSXX.jpg"
},
{
  "_id": {
    "$oid": "66f3a11dd23ade1eec55f8d2"
  },
  "unique_id": "218219",
  "product_name": "Voll-/ Colorwaschmittel",
  "brand": "Formil",
  "regular_price": 5.29,
  "selling_price": 5.29,
  "price_per_unit": "pro 1,5l",
  "breadcrumb": "Sortiment > Sortiment > Voll-/ Colorwaschmittel",
  "pdp_url": "https://sortiment.lidl.ch/de/voll-colorwaschmittel-0218219",
  "product_description": "Artikelnr.: 218219",
  "producthierarchy_level1": "Sortiment",
  "producthierarchy_level2": "Sortiment",
  "producthierarchy_level3": "Voll-/ Colorwaschmittel",
  "producthierarchy_level4": "",
  "producthierarchy_level5": "",
  "producthierarchy_level6": "",
  "producthierarchy_level7": "",
  "currency": "Swiss franc",
  "file_name_1": "218219_1.jpg",
  "image_url_1": "https://sortiment.lidl.ch/media/catalog/product/cache/38c728e59b3a47950872534eff8a1e63/2/1/218219_Color_PSXX.jpg",
  "file_name_2": "218219_2.jpg",
  "image_url_2": "https://sortiment.lidl.ch/media/catalog/product/cache/38c728e59b3a47950872534eff8a1e63/2/1/218219_Voll_PSXX.jpg"
},
{
  "_id": {
    "$oid": "66f3a11ed23ade1eec55f8d3"
  },
  "unique_id": "5109910",
  "product_name": "Roter Teufel Cordon Bleu",
  "brand": "Bonvalle",
  "regular_price": 9.99,
  "selling_price": 9.99,
  "price_per_unit": "pro 350g | 100g = 2.86 CHF",
  "breadcrumb": "Sortiment > Sortiment > Roter Teufel Cordon Bleu",
  "pdp_url": "https://sortiment.lidl.ch/de/roter-teufel-cordon-bleu-5109910",
  "product_description": "Artikelnr.: 5109910",
  "producthierarchy_level1": "Sortiment",
  "producthierarchy_level2": "Sortiment",
  "producthierarchy_level3": "Roter Teufel Cordon Bleu",
  "producthierarchy_level4": "",
  "producthierarchy_level5": "",
  "producthierarchy_level6": "",
  "producthierarchy_level7": "",
  "currency": "Swiss franc",
  "file_name_1": "5109910_1.jpg",
  "image_url_1": "https://sortiment.lidl.ch/media/catalog/product/cache/38c728e59b3a47950872534eff8a1e63/5/1/5109910_roter_Teufel_FKBA.jpg",
  "file_name_2": "5109910_2.jpg",
  "image_url_2": "https://sortiment.lidl.ch/media/catalog/product/cache/38c728e59b3a47950872534eff8a1e63/5/1/5109910_roter_Teufel_FKBF.jpg"
},
{
  "_id": {
    "$oid": "66f3a120d23ade1eec55f8d4"
  },
  "unique_id": "5109909",
  "product_name": "Bündner Cordon Bleu",
  "brand": "Bonvalle",
  "regular_price": 9.99,
  "selling_price": 9.99,
  "price_per_unit": "pro 350g | 100g = 2.86 CHF",
  "breadcrumb": "Sortiment > Sortiment > Bündner Cordon Bleu",
  "pdp_url": "https://sortiment.lidl.ch/de/buendner-cordon-bleu-5109909",
  "product_description": "Artikelnr.: 5109909",
  "producthierarchy_level1": "Sortiment",
  "producthierarchy_level2": "Sortiment",
  "producthierarchy_level3": "Bündner Cordon Bleu",
  "producthierarchy_level4": "",
  "producthierarchy_level5": "",
  "producthierarchy_level6": "",
  "producthierarchy_level7": "",
  "currency": "Swiss franc",
  "file_name_1": "5109909_1.jpg",
  "image_url_1": "https://sortiment.lidl.ch/media/catalog/product/cache/38c728e59b3a47950872534eff8a1e63/5/1/5109909_Buendner_FKBA.jpg",
  "file_name_2": "5109909_2.jpg",
  "image_url_2": "https://sortiment.lidl.ch/media/catalog/product/cache/38c728e59b3a47950872534eff8a1e63/5/1/5109909_Buendner_FKBF.jpg"
},
{
  "_id": {
    "$oid": "66f3a121d23ade1eec55f8d5"
  },
  "unique_id": "5112688",
  "product_name": "Freche Freunde Riegel Quattro",
  "brand": "Freche Freunde",
  "regular_price": 3.89,
  "selling_price": 3.89,
  "price_per_unit": "pro 4x23g | 100g = 4.23 CHF",
  "breadcrumb": "Sortiment > Sortiment > Freche Freunde Riegel Quattro",
  "pdp_url": "https://sortiment.lidl.ch/de/freche-freunde-riegel-quattro-5112688",
  "product_description": "Artikelnr.: 5112688",
  "producthierarchy_level1": "Sortiment",
  "producthierarchy_level2": "Sortiment",
  "producthierarchy_level3": "Freche Freunde Riegel Quattro",
  "producthierarchy_level4": "",
  "producthierarchy_level5": "",
  "producthierarchy_level6": "",
  "producthierarchy_level7": "",
  "currency": "Swiss franc",
  "file_name_1": "5112688_1.jpg",
  "image_url_1": "https://sortiment.lidl.ch/media/catalog/product/cache/38c728e59b3a47950872534eff8a1e63/5/1/5112688_PSXX.jpg"
},
{
  "_id": {
    "$oid": "66f3a122d23ade1eec55f8d6"
  },
  "unique_id": "5112687",
  "product_name": "Freche Freunde Riegel Quattro",
  "brand": "Freche Freunde",
  "regular_price": 3.89,
  "selling_price": 3.89,
  "price_per_unit": "pro 4x23g | 100g = 4.23 CHF",
  "breadcrumb": "Sortiment > Sortiment > Freche Freunde Riegel Quattro",
  "pdp_url": "https://sortiment.lidl.ch/de/freche-freunde-riegel-quattro-5112687",
  "product_description": "Artikelnr.: 5112687",
  "producthierarchy_level1": "Sortiment",
  "producthierarchy_level2": "Sortiment",
  "producthierarchy_level3": "Freche Freunde Riegel Quattro",
  "producthierarchy_level4": "",
  "producthierarchy_level5": "",
  "producthierarchy_level6": "",
  "producthierarchy_level7": "",
  "currency": "Swiss franc",
  "file_name_1": "5112687_1.jpg",
  "image_url_1": "https://sortiment.lidl.ch/media/catalog/product/cache/38c728e59b3a47950872534eff8a1e63/5/1/5112687_PSXX.jpg"
},
{
  "_id": {
    "$oid": "66f3a123d23ade1eec55f8d7"
  },
  "unique_id": "5112686",
  "product_name": "Freche Freunde Riegel Quattro",
  "brand": "Freche Freunde",
  "regular_price": 3.89,
  "selling_price": 3.89,
  "price_per_unit": "pro 4x23g | 100g = 4.23 CHF",
  "breadcrumb": "Sortiment > Sortiment > Freche Freunde Riegel Quattro",
  "pdp_url": "https://sortiment.lidl.ch/de/freche-freunde-riegel-quattro-5112686",
  "product_description": "Artikelnr.: 5112686",
  "producthierarchy_level1": "Sortiment",
  "producthierarchy_level2": "Sortiment",
  "producthierarchy_level3": "Freche Freunde Riegel Quattro",
  "producthierarchy_level4": "",
  "producthierarchy_level5": "",
  "producthierarchy_level6": "",
  "producthierarchy_level7": "",
  "currency": "Swiss franc",
  "file_name_1": "5112686_1.jpg",
  "image_url_1": "https://sortiment.lidl.ch/media/catalog/product/cache/38c728e59b3a47950872534eff8a1e63/5/1/5112686_PSXX.jpg"
},
{
  "_id": {
    "$oid": "66f3a124d23ade1eec55f8d8"
  },
  "unique_id": "5112684",
  "product_name": "Freche Freunde Fruchtchips Erdbeere",
  "brand": "Freche Freunde",
  "regular_price": 2.89,
  "selling_price": 2.89,
  "price_per_unit": "pro 14g | 100g = 20.65 CHF",
  "breadcrumb": "Sortiment > Sortiment > Freche Freunde Fruchtchips Erdbeere",
  "pdp_url": "https://sortiment.lidl.ch/de/freche-freunde-fruchtchips-erdbeere-5112684",
  "product_description": "Artikelnr.: 5112684",
  "producthierarchy_level1": "Sortiment",
  "producthierarchy_level2": "Sortiment",
  "producthierarchy_level3": "Freche Freunde Fruchtchips Erdbeere",
  "producthierarchy_level4": "",
  "producthierarchy_level5": "",
  "producthierarchy_level6": "",
  "producthierarchy_level7": "",
  "currency": "Swiss franc",
  "file_name_1": "5112684_1.jpg",
  "image_url_1": "https://sortiment.lidl.ch/media/catalog/product/cache/38c728e59b3a47950872534eff8a1e63/5/1/5112684_PSXX.jpg"
},
{
  "_id": {
    "$oid": "66f3a125d23ade1eec55f8d9"
  },
  "unique_id": "5112730",
  "product_name": "Freche Freunde Smoothie Obst & Getreide",
  "brand": "Freche Freunde",
  "regular_price": 7.19,
  "selling_price": 7.19,
  "price_per_unit": "pro 4x100g | 100g = 1.80 CHF",
  "breadcrumb": "Sortiment > Sortiment > Freche Freunde Smoothie Obst & Getreide",
  "pdp_url": "https://sortiment.lidl.ch/de/freche-freunde-smoothie-obst-getreide-5112730",
  "product_description": "Artikelnr.: 5112730",
  "producthierarchy_level1": "Sortiment",
  "producthierarchy_level2": "Sortiment",
  "producthierarchy_level3": "Freche Freunde Smoothie Obst & Getreide",
  "producthierarchy_level4": "",
  "producthierarchy_level5": "",
  "producthierarchy_level6": "",
  "producthierarchy_level7": "",
  "currency": "Swiss franc",
  "file_name_1": "5112730_1.jpg",
  "image_url_1": "https://sortiment.lidl.ch/media/catalog/product/cache/38c728e59b3a47950872534eff8a1e63/5/1/5112730_Obst_Getreide_PSXX.jpg"
},
{
  "_id": {
    "$oid": "66f3a127d23ade1eec55f8da"
  },
  "unique_id": "5112729",
  "product_name": "Freche Freunde Smoothie Viel Frucht",
  "brand": "Freche Freunde",
  "regular_price": 7.19,
  "selling_price": 7.19,
  "price_per_unit": "pro 4x100g | 100g = 1.80 CHF",
  "breadcrumb": "Sortiment > Sortiment > Freche Freunde Smoothie Viel Frucht",
  "pdp_url": "https://sortiment.lidl.ch/de/freche-freunde-smoothie-viel-frucht-5112729",
  "product_description": "Artikelnr.: 5112729",
  "producthierarchy_level1": "Sortiment",
  "producthierarchy_level2": "Sortiment",
  "producthierarchy_level3": "Freche Freunde Smoothie Viel Frucht",
  "producthierarchy_level4": "",
  "producthierarchy_level5": "",
  "producthierarchy_level6": "",
  "producthierarchy_level7": "",
  "currency": "Swiss franc",
  "file_name_1": "5112729_1.jpg",
  "image_url_1": "https://sortiment.lidl.ch/media/catalog/product/cache/38c728e59b3a47950872534eff8a1e63/5/1/5112729_PSXX.jpg"
},
{
  "_id": {
    "$oid": "66f3a128d23ade1eec55f8db"
  },
  "unique_id": "5112728",
  "product_name": "Freche Freunde Smoothie Obst & Gemüse",
  "brand": "Freche Freunde",
  "regular_price": 7.19,
  "selling_price": 7.19,
  "price_per_unit": "pro 4x100g | 100g = 1.80 CHF",
  "breadcrumb": "Sortiment > Sortiment > Freche Freunde Smoothie Obst & Gemüse",
  "pdp_url": "https://sortiment.lidl.ch/de/freche-freunde-smoothie-obst-gemuese-5112728",
  "product_description": "Artikelnr.: 5112728",
  "producthierarchy_level1": "Sortiment",
  "producthierarchy_level2": "Sortiment",
  "producthierarchy_level3": "Freche Freunde Smoothie Obst & Gemüse",
  "producthierarchy_level4": "",
  "producthierarchy_level5": "",
  "producthierarchy_level6": "",
  "producthierarchy_level7": "",
  "currency": "Swiss franc",
  "file_name_1": "5112728_1.jpg",
  "image_url_1": "https://sortiment.lidl.ch/media/catalog/product/cache/38c728e59b3a47950872534eff8a1e63/5/1/5112728_PSXX.jpg"
},
{
  "_id": {
    "$oid": "66f3a129d23ade1eec55f8dc"
  },
  "unique_id": "1800548",
  "product_name": "Aptamil Pronutra Junior Folgemilch",
  "brand": "Aptamil",
  "regular_price": 34.99,
  "selling_price": 34.99,
  "price_per_unit": "pro 1.2kg | 100g = 2.92 CHF",
  "breadcrumb": "Sortiment > Sortiment > Aptamil Pronutra Junior Folgemilch",
  "pdp_url": "https://sortiment.lidl.ch/de/aptamil-pronutra-junior-folgemilch-1800548",
  "product_description": "Artikelnr.: 1800548",
  "producthierarchy_level1": "Sortiment",
  "producthierarchy_level2": "Sortiment",
  "producthierarchy_level3": "Aptamil Pronutra Junior Folgemilch",
  "producthierarchy_level4": "",
  "producthierarchy_level5": "",
  "producthierarchy_level6": "",
  "producthierarchy_level7": "",
  "currency": "Swiss franc",
  "file_name_1": "1800548_1.jpg",
  "image_url_1": "https://sortiment.lidl.ch/media/catalog/product/cache/38c728e59b3a47950872534eff8a1e63/1/8/1800548_PSXX.jpg"
},
{
  "_id": {
    "$oid": "66f3a12ad23ade1eec55f8dd"
  },
  "unique_id": "1800547",
  "product_name": "Aptamil Pronutra 2 Folgemilch",
  "brand": "Aptamil",
  "regular_price": 38.99,
  "selling_price": 38.99,
  "price_per_unit": "pro 1.2kg | 100g = 3.25 CHF",
  "breadcrumb": "Sortiment > Sortiment > Aptamil Pronutra 2 Folgemilch",
  "pdp_url": "https://sortiment.lidl.ch/de/aptamil-pronutra-2-folgemilch-1800547",
  "product_description": "Artikelnr.: 1800547",
  "producthierarchy_level1": "Sortiment",
  "producthierarchy_level2": "Sortiment",
  "producthierarchy_level3": "Aptamil Pronutra 2 Folgemilch",
  "producthierarchy_level4": "",
  "producthierarchy_level5": "",
  "producthierarchy_level6": "",
  "producthierarchy_level7": "",
  "currency": "Swiss franc",
  "file_name_1": "1800547_1.jpg",
  "image_url_1": "https://sortiment.lidl.ch/media/catalog/product/cache/38c728e59b3a47950872534eff8a1e63/1/8/1800547_2_PSXX.jpg"
},
{
  "_id": {
    "$oid": "66f3a12bd23ade1eec55f8de"
  },
  "unique_id": "1800546",
  "product_name": "Aptamil Pronutra 1 Anfangsmilch",
  "brand": "Aptamil",
  "regular_price": 38.99,
  "selling_price": 38.99,
  "price_per_unit": "pro 1.2kg | 100g = 3.25 CHF",
  "breadcrumb": "Sortiment > Sortiment > Aptamil Pronutra 1 Anfangsmilch",
  "pdp_url": "https://sortiment.lidl.ch/de/aptamil-pronutra-1-anfangsmilch-1800546",
  "product_description": "Artikelnr.: 1800546",
  "producthierarchy_level1": "Sortiment",
  "producthierarchy_level2": "Sortiment",
  "producthierarchy_level3": "Aptamil Pronutra 1 Anfangsmilch",
  "producthierarchy_level4": "",
  "producthierarchy_level5": "",
  "producthierarchy_level6": "",
  "producthierarchy_level7": "",
  "currency": "Swiss franc",
  "file_name_1": "1800546_1.jpg",
  "image_url_1": "https://sortiment.lidl.ch/media/catalog/product/cache/38c728e59b3a47950872534eff8a1e63/1/8/1800546_1_PSXX.jpg"
},
{
  "_id": {
    "$oid": "66f3a12cd23ade1eec55f8df"
  },
  "unique_id": "1800545",
  "product_name": "Aptamil Pronutra Pre Anfangsmilch",
  "brand": "Aptamil",
  "regular_price": 38.99,
  "selling_price": 38.99,
  "price_per_unit": "pro 1.2kg | 100g = 3.25 CHF",
  "breadcrumb": "Sortiment > Sortiment > Aptamil Pronutra Pre Anfangsmilch",
  "pdp_url": "https://sortiment.lidl.ch/de/aptamil-pronutra-pre-anfangsmilch-1800545",
  "product_description": "Artikelnr.: 1800545",
  "producthierarchy_level1": "Sortiment",
  "producthierarchy_level2": "Sortiment",
  "producthierarchy_level3": "Aptamil Pronutra Pre Anfangsmilch",
  "producthierarchy_level4": "",
  "producthierarchy_level5": "",
  "producthierarchy_level6": "",
  "producthierarchy_level7": "",
  "currency": "Swiss franc",
  "file_name_1": "1800545_1.jpg",
  "image_url_1": "https://sortiment.lidl.ch/media/catalog/product/cache/38c728e59b3a47950872534eff8a1e63/1/8/1800545_Pre_PSXX.jpg"
},
{
  "_id": {
    "$oid": "66f3a12dd23ade1eec55f8e0"
  },
  "unique_id": "202080",
  "product_name": "Tomatenketchup hot",
  "brand": "Kania",
  "regular_price": 1.59,
  "selling_price": 1.59,
  "price_per_unit": "pro 500ml | 100ML = 0.32 CHF",
  "breadcrumb": "Sortiment > Sortiment > Tomatenketchup hot",
  "pdp_url": "https://sortiment.lidl.ch/de/tomatenketchup-hot-0202080",
  "product_description": "Artikelnr.: 202080",
  "producthierarchy_level1": "Sortiment",
  "producthierarchy_level2": "Sortiment",
  "producthierarchy_level3": "Tomatenketchup hot",
  "producthierarchy_level4": "",
  "producthierarchy_level5": "",
  "producthierarchy_level6": "",
  "producthierarchy_level7": "",
  "currency": "Swiss franc",
  "file_name_1": "202080_1.jpg",
  "image_url_1": "https://sortiment.lidl.ch/media/catalog/product/cache/38c728e59b3a47950872534eff8a1e63/2/0/202080_PSXX.jpg"
},
{
  "_id": {
    "$oid": "66f3a12ed23ade1eec55f8e1"
  },
  "unique_id": "191225",
  "product_name": "Kosmetiktücher",
  "brand": "Cien",
  "regular_price": 1.09,
  "selling_price": 1.09,
  "price_per_unit": "pro 200 Stück | 1 Stk = 0.01 CHF",
  "breadcrumb": "Sortiment > Sortiment > Kosmetiktücher",
  "pdp_url": "https://sortiment.lidl.ch/de/kosmetiktuecher-0191225",
  "product_description": "Artikelnr.: 191225",
  "producthierarchy_level1": "Sortiment",
  "producthierarchy_level2": "Sortiment",
  "producthierarchy_level3": "Kosmetiktücher",
  "producthierarchy_level4": "",
  "producthierarchy_level5": "",
  "producthierarchy_level6": "",
  "producthierarchy_level7": "",
  "currency": "Swiss franc",
  "file_name_1": "191225_1.jpg",
  "image_url_1": "https://sortiment.lidl.ch/media/catalog/product/cache/38c728e59b3a47950872534eff8a1e63/1/9/191225_01_PSXX.jpg",
  "file_name_2": "191225_2.jpg",
  "image_url_2": "https://sortiment.lidl.ch/media/catalog/product/cache/38c728e59b3a47950872534eff8a1e63/1/9/191225_02_PSXX.jpg",
  "file_name_3": "191225_3.jpg",
  "image_url_3": "https://sortiment.lidl.ch/media/catalog/product/cache/38c728e59b3a47950872534eff8a1e63/1/9/191225_03_PSXX.jpg"
},
{
  "_id": {
    "$oid": "66f3a12fd23ade1eec55f8e2"
  },
  "unique_id": "217321",
  "product_name": "Sojasauce",
  "brand": "Kania",
  "regular_price": 1.09,
  "selling_price": 0.89,
  "price_per_unit": "pro 150ml | 1L = 5.94 CHF",
  "breadcrumb": "Sortiment > Sortiment > Sojasauce",
  "pdp_url": "https://sortiment.lidl.ch/de/sojasauce-0217321",
  "product_description": "Artikelnr.: 217321",
  "producthierarchy_level1": "Sortiment",
  "producthierarchy_level2": "Sortiment",
  "producthierarchy_level3": "Sojasauce",
  "producthierarchy_level4": "",
  "producthierarchy_level5": "",
  "producthierarchy_level6": "",
  "producthierarchy_level7": "",
  "currency": "Swiss franc",
  "file_name_1": "217321_1.jpg",
  "image_url_1": "https://sortiment.lidl.ch/media/catalog/product/cache/38c728e59b3a47950872534eff8a1e63/2/1/217321_PSXX.jpg"
},
{
  "_id": {
    "$oid": "66f3a131d23ade1eec55f8e3"
  },
  "unique_id": "5112045",
  "product_name": "Vollmilch 3.5% UHT",
  "brand": "Milbona",
  "regular_price": 1.59,
  "selling_price": 1.59,
  "price_per_unit": "pro 1000ml",
  "breadcrumb": "Sortiment > Sortiment > Vollmilch 3.5% UHT",
  "pdp_url": "https://sortiment.lidl.ch/de/vollmilch-3-5-uht-5112045",
  "product_description": "Artikelnr.: 5112045",
  "producthierarchy_level1": "Sortiment",
  "producthierarchy_level2": "Sortiment",
  "producthierarchy_level3": "Vollmilch 3.5% UHT",
  "producthierarchy_level4": "",
  "producthierarchy_level5": "",
  "producthierarchy_level6": "",
  "producthierarchy_level7": "",
  "currency": "Swiss franc",
  "file_name_1": "5112045_1.jpg",
  "image_url_1": "https://sortiment.lidl.ch/media/catalog/product/cache/38c728e59b3a47950872534eff8a1e63/5/1/5112045_PSXX.jpg"
},
{
  "_id": {
    "$oid": "66f3a132d23ade1eec55f8e4"
  },
  "unique_id": "6016371",
  "product_name": "Pinsa",
  "brand": "Certossa",
  "regular_price": 2.79,
  "selling_price": 2.19,
  "price_per_unit": "pro 230g | 100g = 0.96 CHF",
  "breadcrumb": "Sortiment > Sortiment > Pinsa",
  "pdp_url": "https://sortiment.lidl.ch/de/pinsa-6016371",
  "product_description": "Artikelnr.: 6016371",
  "producthierarchy_level1": "Sortiment",
  "producthierarchy_level2": "Sortiment",
  "producthierarchy_level3": "Pinsa",
  "producthierarchy_level4": "",
  "producthierarchy_level5": "",
  "producthierarchy_level6": "",
  "producthierarchy_level7": "",
  "currency": "Swiss franc",
  "file_name_1": "6016371_1.jpg",
  "image_url_1": "https://sortiment.lidl.ch/media/catalog/product/cache/38c728e59b3a47950872534eff8a1e63/6/0/6016371_PSXX.jpg"
},
{
  "_id": {
    "$oid": "66f3a133d23ade1eec55f8e5"
  },
  "unique_id": "6000927",
  "product_name": "Vollkornbrot in Scheiben",
  "brand": "Certossa",
  "regular_price": 1.49,
  "selling_price": 1.19,
  "price_per_unit": "pro 400g | 100g = 0.30 CHF",
  "breadcrumb": "Sortiment > Sortiment > Vollkornbrot in Scheiben",
  "pdp_url": "https://sortiment.lidl.ch/de/vollkornbrot-in-scheiben-6000927",
  "product_description": "Artikelnr.: 6000927",
  "producthierarchy_level1": "Sortiment",
  "producthierarchy_level2": "Sortiment",
  "producthierarchy_level3": "Vollkornbrot in Scheiben",
  "producthierarchy_level4": "",
  "producthierarchy_level5": "",
  "producthierarchy_level6": "",
  "producthierarchy_level7": "",
  "currency": "Swiss franc",
  "file_name_1": "6000927_1.jpg",
  "image_url_1": "https://sortiment.lidl.ch/media/catalog/product/cache/38c728e59b3a47950872534eff8a1e63/6/0/6000927_PSXX.jpg"
},
{
  "_id": {
    "$oid": "66f3a134d23ade1eec55f8e6"
  },
  "unique_id": "5111951",
  "product_name": "Apfelringe schokoliert",
  "brand": "Chocarré Suisse",
  "regular_price": 5.99,
  "selling_price": 5.99,
  "price_per_unit": "pro 150g | 100g = 4.00 CHF",
  "breadcrumb": "Sortiment > Sortiment > Apfelringe schokoliert",
  "pdp_url": "https://sortiment.lidl.ch/de/apfelringe-schokoliert-5111951",
  "product_description": "Artikelnr.: 5111951",
  "producthierarchy_level1": "Sortiment",
  "producthierarchy_level2": "Sortiment",
  "producthierarchy_level3": "Apfelringe schokoliert",
  "producthierarchy_level4": "",
  "producthierarchy_level5": "",
  "producthierarchy_level6": "",
  "producthierarchy_level7": "",
  "currency": "Swiss franc",
  "file_name_1": "5111951_1.jpg",
  "image_url_1": "https://sortiment.lidl.ch/media/catalog/product/cache/38c728e59b3a47950872534eff8a1e63/5/1/5111951_apfelringeschokoliertdunkel_PSXX.jpg",
  "file_name_2": "5111951_2.jpg",
  "image_url_2": "https://sortiment.lidl.ch/media/catalog/product/cache/38c728e59b3a47950872534eff8a1e63/5/1/5111951_apfelringeschokolierthell_PSXX.jpg"
},
{
  "_id": {
    "$oid": "66f3a135d23ade1eec55f8e7"
  },
  "unique_id": "5111956",
  "product_name": "Schokowolken",
  "brand": "Chocarré Suisse",
  "regular_price": 3.49,
  "selling_price": 3.49,
  "price_per_unit": "pro 150g | 100g = 2.33 CHF",
  "breadcrumb": "Sortiment > Sortiment > Schokowolken",
  "pdp_url": "https://sortiment.lidl.ch/de/schokowolken-5111956",
  "product_description": "Artikelnr.: 5111956",
  "producthierarchy_level1": "Sortiment",
  "producthierarchy_level2": "Sortiment",
  "producthierarchy_level3": "Schokowolken",
  "producthierarchy_level4": "",
  "producthierarchy_level5": "",
  "producthierarchy_level6": "",
  "producthierarchy_level7": "",
  "currency": "Swiss franc",
  "file_name_1": "5111956_1.jpg",
  "image_url_1": "https://sortiment.lidl.ch/media/amasty/amoptmobile/catalog/product/cache/38c728e59b3a47950872534eff8a1e63/5/1/5111956_Birchermuesli_PSXX.jpg",
  "file_name_2": "5111956_2.jpg",
  "image_url_2": "https://sortiment.lidl.ch/media/catalog/product/cache/38c728e59b3a47950872534eff8a1e63/5/1/5111956_Dunkel_PSXX.jpg",
  "file_name_3": "5111956_3.jpg",
  "image_url_3": "https://sortiment.lidl.ch/media/catalog/product/cache/38c728e59b3a47950872534eff8a1e63/5/1/5111956_MilchHaselnuss_PSXX.jpg"
},
{
  "_id": {
    "$oid": "66f3a136d23ade1eec55f8e8"
  },
  "unique_id": "5111947",
  "product_name": "Cereal Balls",
  "brand": "Chocarré Suisse",
  "regular_price": 2.99,
  "selling_price": 2.99,
  "price_per_unit": "pro 100g",
  "breadcrumb": "Sortiment > Sortiment > Cereal Balls",
  "pdp_url": "https://sortiment.lidl.ch/de/cereal-balls-5111947",
  "product_description": "Artikelnr.: 5111947",
  "producthierarchy_level1": "Sortiment",
  "producthierarchy_level2": "Sortiment",
  "producthierarchy_level3": "Cereal Balls",
  "producthierarchy_level4": "",
  "producthierarchy_level5": "",
  "producthierarchy_level6": "",
  "producthierarchy_level7": "",
  "currency": "Swiss franc",
  "file_name_1": "5111947_1.jpg",
  "image_url_1": "https://sortiment.lidl.ch/media/catalog/product/cache/38c728e59b3a47950872534eff8a1e63/5/1/5111947_ChocarreSuisse_CerealBalls_WeisseSchokoHimbeer_PSXX.jpg",
  "file_name_2": "5111947_2.jpg",
  "image_url_2": "https://sortiment.lidl.ch/media/catalog/product/cache/38c728e59b3a47950872534eff8a1e63/5/1/5111947_PSXX.jpg"
},
{
  "_id": {
    "$oid": "66f3a137d23ade1eec55f8e9"
  },
  "unique_id": "83275",
  "product_name": "Kartoffeln mehligkochend 2.5kg",
  "brand": "",
  "regular_price": 3.99,
  "selling_price": 3.99,
  "price_per_unit": "pro 2,5kg",
  "breadcrumb": "Sortiment > Sortiment > Kartoffeln mehligkochend 2.5kg",
  "pdp_url": "https://sortiment.lidl.ch/de/kartoffeln-mehligkochend-2-5kg-0083275",
  "product_description": "Artikelnr.: 83275",
  "producthierarchy_level1": "Sortiment",
  "producthierarchy_level2": "Sortiment",
  "producthierarchy_level3": "Kartoffeln mehligkochend 2.5kg",
  "producthierarchy_level4": "",
  "producthierarchy_level5": "",
  "producthierarchy_level6": "",
  "producthierarchy_level7": "",
  "currency": "Swiss franc",
  "file_name_1": "83275_1.jpg",
  "image_url_1": "https://sortiment.lidl.ch/media/catalog/product/cache/38c728e59b3a47950872534eff8a1e63/8/3/83275_OGAX.jpg",
  "file_name_2": "83275_2.jpg",
  "image_url_2": "https://sortiment.lidl.ch/media/catalog/product/cache/38c728e59b3a47950872534eff8a1e63/8/3/83275_OGFG.jpg"
},
{
  "_id": {
    "$oid": "66f3a139d23ade1eec55f8ea"
  },
  "unique_id": "5112843",
  "product_name": "Hirschsalsiz mit Kürbiskernen",
  "brand": "Dulano",
  "regular_price": 4.49,
  "selling_price": 4.49,
  "price_per_unit": "pro 100g",
  "breadcrumb": "Sortiment > Sortiment > Hirschsalsiz mit Kürbiskernen",
  "pdp_url": "https://sortiment.lidl.ch/de/hirschsalsiz-mit-kuerbiskernen-5112843",
  "product_description": "Artikelnr.: 5112843",
  "producthierarchy_level1": "Sortiment",
  "producthierarchy_level2": "Sortiment",
  "producthierarchy_level3": "Hirschsalsiz mit Kürbiskernen",
  "producthierarchy_level4": "",
  "producthierarchy_level5": "",
  "producthierarchy_level6": "",
  "producthierarchy_level7": "",
  "currency": "Swiss franc",
  "file_name_1": "5112843_1.jpg",
  "image_url_1": "https://sortiment.lidl.ch/media/catalog/product/cache/38c728e59b3a47950872534eff8a1e63/5/1/5112843_PSXX.jpg"
},
{
  "_id": {
    "$oid": "66f3a13ad23ade1eec55f8eb"
  },
  "unique_id": "5112844",
  "product_name": "Wildschweinwürstli",
  "brand": "Dulano",
  "regular_price": 4.99,
  "selling_price": 4.99,
  "price_per_unit": "pro 88g | 100g = 5.68 CHF",
  "breadcrumb": "Sortiment > Sortiment > Wildschweinwürstli",
  "pdp_url": "https://sortiment.lidl.ch/de/wildschweinwuerstli-5112844",
  "product_description": "Artikelnr.: 5112844",
  "producthierarchy_level1": "Sortiment",
  "producthierarchy_level2": "Sortiment",
  "producthierarchy_level3": "Wildschweinwürstli",
  "producthierarchy_level4": "",
  "producthierarchy_level5": "",
  "producthierarchy_level6": "",
  "producthierarchy_level7": "",
  "currency": "Swiss franc",
  "file_name_1": "5112844_1.jpg",
  "image_url_1": "https://sortiment.lidl.ch/media/catalog/product/cache/38c728e59b3a47950872534eff8a1e63/5/1/5112844_FKBA.jpg",
  "file_name_2": "5112844_2.jpg",
  "image_url_2": "https://sortiment.lidl.ch/media/catalog/product/cache/38c728e59b3a47950872534eff8a1e63/5/1/5112844_PSXX.jpg"
},
{
  "_id": {
    "$oid": "66f3a13bd23ade1eec55f8ec"
  },
  "unique_id": "6000926",
  "product_name": "Weissbrot in Scheiben",
  "brand": "Certossa",
  "regular_price": 1.49,
  "selling_price": 1.19,
  "price_per_unit": "pro 400g | 100g = 0.30 CHF",
  "breadcrumb": "Sortiment > Sortiment > Weissbrot in Scheiben",
  "pdp_url": "https://sortiment.lidl.ch/de/weissbrot-in-scheiben-6000926",
  "product_description": "Artikelnr.: 6000926",
  "producthierarchy_level1": "Sortiment",
  "producthierarchy_level2": "Sortiment",
  "producthierarchy_level3": "Weissbrot in Scheiben",
  "producthierarchy_level4": "",
  "producthierarchy_level5": "",
  "producthierarchy_level6": "",
  "producthierarchy_level7": "",
  "currency": "Swiss franc",
  "file_name_1": "6000926_1.jpg",
  "image_url_1": "https://sortiment.lidl.ch/media/catalog/product/cache/38c728e59b3a47950872534eff8a1e63/6/0/6000926_PSXX.jpg"
},
{
  "_id": {
    "$oid": "66f3a13dd23ade1eec55f8ed"
  },
  "unique_id": "6008309",
  "product_name": "Mürbeteigkekse mit Milch und Reismehl",
  "brand": "Realforno",
  "regular_price": 3.95,
  "selling_price": 2.99,
  "price_per_unit": "pro 700g | 100g = 0.43 CHF",
  "breadcrumb": "Sortiment > Sortiment > Mürbeteigkekse mit Milch und Reismehl",
  "pdp_url": "https://sortiment.lidl.ch/de/muerbeteigkekse-mit-milch-und-reismehl-6008309",
  "product_description": "Artikelnr.: 6008309",
  "producthierarchy_level1": "Sortiment",
  "producthierarchy_level2": "Sortiment",
  "producthierarchy_level3": "Mürbeteigkekse mit Milch und Reismehl",
  "producthierarchy_level4": "",
  "producthierarchy_level5": "",
  "producthierarchy_level6": "",
  "producthierarchy_level7": "",
  "currency": "Swiss franc",
  "file_name_1": "6008309_1.jpg",
  "image_url_1": "https://sortiment.lidl.ch/media/catalog/product/cache/38c728e59b3a47950872534eff8a1e63/6/0/6008309_PSXX.jpg"
},
{
  "_id": {
    "$oid": "66f3a13ed23ade1eec55f8ee"
  },
  "unique_id": "123681",
  "product_name": "Colossus Energy Drink",
  "brand": "KONG STRONG",
  "regular_price": 0.99,
  "selling_price": 0.99,
  "price_per_unit": "pro 0,5l | 100ML = 0.20 CHF",
  "breadcrumb": "Sortiment > Sortiment > Colossus Energy Drink",
  "pdp_url": "https://sortiment.lidl.ch/de/colossus-energy-drink-0123681",
  "product_description": "Artikelnr.: 123681",
  "producthierarchy_level1": "Sortiment",
  "producthierarchy_level2": "Sortiment",
  "producthierarchy_level3": "Colossus Energy Drink",
  "producthierarchy_level4": "",
  "producthierarchy_level5": "",
  "producthierarchy_level6": "",
  "producthierarchy_level7": "",
  "currency": "Swiss franc",
  "file_name_1": "123681_1.jpg",
  "image_url_1": "https://sortiment.lidl.ch/media/catalog/product/cache/38c728e59b3a47950872534eff8a1e63/1/2/123681_PSXX.jpg"
},
{
  "_id": {
    "$oid": "66f3a13fd23ade1eec55f8ef"
  },
  "unique_id": "5113014",
  "product_name": "Caffo Vecchio Amaro del Capo Liquore",
  "brand": "Caffo",
  "regular_price": 25.89,
  "selling_price": 25.89,
  "price_per_unit": "pro 0,7l | 1L = 36.99 CHF",
  "breadcrumb": "Sortiment > Sortiment > Caffo Vecchio Amaro del Capo Liquore",
  "pdp_url": "https://sortiment.lidl.ch/de/caffo-vecchio-amaro-del-capo-liquore-5113014",
  "product_description": "Artikelnr.: 5113014",
  "producthierarchy_level1": "Sortiment",
  "producthierarchy_level2": "Sortiment",
  "producthierarchy_level3": "Caffo Vecchio Amaro del Capo Liquore",
  "producthierarchy_level4": "",
  "producthierarchy_level5": "",
  "producthierarchy_level6": "",
  "producthierarchy_level7": "",
  "currency": "Swiss franc",
  "file_name_1": "5113014_1.jpg",
  "image_url_1": "https://sortiment.lidl.ch/media/catalog/product/cache/38c728e59b3a47950872534eff8a1e63/5/1/5113014_PSXX.jpg"
},
{
  "_id": {
    "$oid": "66f3a141d23ade1eec55f8f0"
  },
  "unique_id": "6002367",
  "product_name": "Toast -Sandwiches",
  "brand": "select & go",
  "regular_price": 2.99,
  "selling_price": 2.39,
  "price_per_unit": "pro 160g | 100g = 1.50 CHF",
  "breadcrumb": "Sortiment > Sortiment > Toast -Sandwiches",
  "pdp_url": "https://sortiment.lidl.ch/de/toast-sandwiches-6002367",
  "product_description": "Artikelnr.: 6002367",
  "producthierarchy_level1": "Sortiment",
  "producthierarchy_level2": "Sortiment",
  "producthierarchy_level3": "Toast -Sandwiches",
  "producthierarchy_level4": "",
  "producthierarchy_level5": "",
  "producthierarchy_level6": "",
  "producthierarchy_level7": "",
  "currency": "Swiss franc",
  "file_name_1": "6002367_1.jpg",
  "image_url_1": "https://sortiment.lidl.ch/media/catalog/product/cache/38c728e59b3a47950872534eff8a1e63/6/0/6002367_Carciofi_PSXX.jpg",
  "file_name_2": "6002367_2.jpg",
  "image_url_2": "https://sortiment.lidl.ch/media/catalog/product/cache/38c728e59b3a47950872534eff8a1e63/6/0/6002367_Olive_PSXX.jpg"
},
{
  "_id": {
    "$oid": "66f3a142d23ade1eec55f8f1"
  },
  "unique_id": "6018166",
  "product_name": "Girasoli / Ravioli",
  "brand": "Nonna Mia",
  "regular_price": 2.49,
  "selling_price": 1.99,
  "price_per_unit": "pro 250g | 100g = 0.80 CHF",
  "breadcrumb": "Sortiment > Sortiment > Girasoli / Ravioli",
  "pdp_url": "https://sortiment.lidl.ch/de/girasoli-ravioli-6018166",
  "product_description": "Artikelnr.: 6018166",
  "producthierarchy_level1": "Sortiment",
  "producthierarchy_level2": "Sortiment",
  "producthierarchy_level3": "Girasoli / Ravioli",
  "producthierarchy_level4": "",
  "producthierarchy_level5": "",
  "producthierarchy_level6": "",
  "producthierarchy_level7": "",
  "currency": "Swiss franc",
  "file_name_1": "6018166_1.jpg",
  "image_url_1": "https://sortiment.lidl.ch/media/catalog/product/cache/38c728e59b3a47950872534eff8a1e63/6/0/6018166_Formaggi_PSXX.jpg",
  "file_name_2": "6018166_2.jpg",
  "image_url_2": "https://sortiment.lidl.ch/media/catalog/product/cache/38c728e59b3a47950872534eff8a1e63/6/0/6018166_Salmone_PSXX.jpg"
},
{
  "_id": {
    "$oid": "66f3a144d23ade1eec55f8f2"
  },
  "unique_id": "6015694",
  "product_name": "Tortellini mit Fleisch",
  "brand": "Nonna Mia",
  "regular_price": 2.49,
  "selling_price": 1.99,
  "price_per_unit": "pro 250g | 100g = 0.80 CHF",
  "breadcrumb": "Sortiment > Sortiment > Tortellini mit Fleisch",
  "pdp_url": "https://sortiment.lidl.ch/de/tortellini-mit-fleisch-6015694",
  "product_description": "Artikelnr.: 6015694",
  "producthierarchy_level1": "Sortiment",
  "producthierarchy_level2": "Sortiment",
  "producthierarchy_level3": "Tortellini mit Fleisch",
  "producthierarchy_level4": "",
  "producthierarchy_level5": "",
  "producthierarchy_level6": "",
  "producthierarchy_level7": "",
  "currency": "Swiss franc",
  "file_name_1": "6015694_1.jpg",
  "image_url_1": "https://sortiment.lidl.ch/media/catalog/product/cache/38c728e59b3a47950872534eff8a1e63/6/0/6015694_PSXX.jpg"
},
{
  "_id": {
    "$oid": "66f3a145d23ade1eec55f8f3"
  },
  "unique_id": "6009904",
  "product_name": "Girasoli",
  "brand": "Nonna Mia",
  "regular_price": 2.49,
  "selling_price": 1.99,
  "price_per_unit": "pro 250g | 100g = 0.80 CHF",
  "breadcrumb": "Sortiment > Sortiment > Girasoli",
  "pdp_url": "https://sortiment.lidl.ch/de/girasoli-6009904",
  "product_description": "Artikelnr.: 6009904",
  "producthierarchy_level1": "Sortiment",
  "producthierarchy_level2": "Sortiment",
  "producthierarchy_level3": "Girasoli",
  "producthierarchy_level4": "",
  "producthierarchy_level5": "",
  "producthierarchy_level6": "",
  "producthierarchy_level7": "",
  "currency": "Swiss franc",
  "file_name_1": "6009904_1.jpg",
  "image_url_1": "https://sortiment.lidl.ch/media/catalog/product/cache/38c728e59b3a47950872534eff8a1e63/6/0/6009904_Lunette_Artischockenfuellung_PSXX.jpg",
  "file_name_2": "6009904_2.jpg",
  "image_url_2": "https://sortiment.lidl.ch/media/catalog/product/cache/38c728e59b3a47950872534eff8a1e63/6/0/6009904_Ravioli_Radicchiofuellung_PSXX.jpg"
},
{
  "_id": {
    "$oid": "66f3a146d23ade1eec55f8f4"
  },
  "unique_id": "6009903",
  "product_name": "Girasoli",
  "brand": "Nonna Mia",
  "regular_price": 2.49,
  "selling_price": 1.99,
  "price_per_unit": "pro 250g | 100g = 0.80 CHF",
  "breadcrumb": "Sortiment > Sortiment > Girasoli",
  "pdp_url": "https://sortiment.lidl.ch/de/girasoli-6009903",
  "product_description": "Artikelnr.: 6009903",
  "producthierarchy_level1": "Sortiment",
  "producthierarchy_level2": "Sortiment",
  "producthierarchy_level3": "Girasoli",
  "producthierarchy_level4": "",
  "producthierarchy_level5": "",
  "producthierarchy_level6": "",
  "producthierarchy_level7": "",
  "currency": "Swiss franc",
  "file_name_1": "6009903_1.jpg",
  "image_url_1": "https://sortiment.lidl.ch/media/catalog/product/cache/38c728e59b3a47950872534eff8a1e63/6/0/6009903_Lunette_Pilzfuellung_PSXX.jpg",
  "file_name_2": "6009903_2.jpg",
  "image_url_2": "https://sortiment.lidl.ch/media/catalog/product/cache/38c728e59b3a47950872534eff8a1e63/6/0/6009903_Ravioli_Kuerbisfuellung_PSXX.jpg"
},
{
  "_id": {
    "$oid": "66f3a148d23ade1eec55f8f5"
  },
  "unique_id": "6004917",
  "product_name": "Lasagne Blätter",
  "brand": "Nonna Mia",
  "regular_price": 1.99,
  "selling_price": 1.59,
  "price_per_unit": "pro 250g | 100g = 0.64 CHF",
  "breadcrumb": "Sortiment > Sortiment > Lasagne Blätter",
  "pdp_url": "https://sortiment.lidl.ch/de/lasagne-blaetter-6004917",
  "product_description": "Artikelnr.: 6004917",
  "producthierarchy_level1": "Sortiment",
  "producthierarchy_level2": "Sortiment",
  "producthierarchy_level3": "Lasagne Blätter",
  "producthierarchy_level4": "",
  "producthierarchy_level5": "",
  "producthierarchy_level6": "",
  "producthierarchy_level7": "",
  "currency": "Swiss franc",
  "file_name_1": "6004917_1.jpg",
  "image_url_1": "https://sortiment.lidl.ch/media/catalog/product/cache/38c728e59b3a47950872534eff8a1e63/6/0/6004917_PSXX.jpg"
},
{
  "_id": {
    "$oid": "66f3a14ad23ade1eec55f8f6"
  },
  "unique_id": "6003848",
  "product_name": "Gnocchi gefüllt",
  "brand": "Nonna Mia",
  "regular_price": 2.95,
  "selling_price": 2.35,
  "price_per_unit": "pro 400g | 100g = 0.59 CHF",
  "breadcrumb": "Sortiment > Sortiment > Gnocchi gefüllt",
  "pdp_url": "https://sortiment.lidl.ch/de/gnocchi-gefuellt-6003848",
  "product_description": "Artikelnr.: 6003848",
  "producthierarchy_level1": "Sortiment",
  "producthierarchy_level2": "Sortiment",
  "producthierarchy_level3": "Gnocchi gefüllt",
  "producthierarchy_level4": "",
  "producthierarchy_level5": "",
  "producthierarchy_level6": "",
  "producthierarchy_level7": "",
  "currency": "Swiss franc",
  "file_name_1": "6003848_1.jpg",
  "image_url_1": "https://sortiment.lidl.ch/media/catalog/product/cache/38c728e59b3a47950872534eff8a1e63/6/0/6003848_Gorgonzola_PSXX.jpg",
  "file_name_2": "6003848_2.jpg",
  "image_url_2": "https://sortiment.lidl.ch/media/catalog/product/cache/38c728e59b3a47950872534eff8a1e63/6/0/6003848_Pomodoro_Mozzarella_PSXX.jpg"
},
{
  "_id": {
    "$oid": "66f3a14bd23ade1eec55f8f7"
  },
  "unique_id": "6002441",
  "product_name": "Gnocchi",
  "brand": "Nonna Mia",
  "regular_price": 2.95,
  "selling_price": 2.35,
  "price_per_unit": "pro 1kg",
  "breadcrumb": "Sortiment > Sortiment > Gnocchi",
  "pdp_url": "https://sortiment.lidl.ch/de/gnocchi-6002441",
  "product_description": "Artikelnr.: 6002441",
  "producthierarchy_level1": "Sortiment",
  "producthierarchy_level2": "Sortiment",
  "producthierarchy_level3": "Gnocchi",
  "producthierarchy_level4": "",
  "producthierarchy_level5": "",
  "producthierarchy_level6": "",
  "producthierarchy_level7": "",
  "currency": "Swiss franc",
  "file_name_1": "6002441_1.jpg",
  "image_url_1": "https://sortiment.lidl.ch/media/catalog/product/cache/38c728e59b3a47950872534eff8a1e63/6/0/6002441_PSXX.jpg"
},
{
  "_id": {
    "$oid": "66f3a14dd23ade1eec55f8f8"
  },
  "unique_id": "6001881",
  "product_name": "Trofie",
  "brand": "Nonna Mia",
  "regular_price": 1.99,
  "selling_price": 1.59,
  "price_per_unit": "pro 500g | 100g = 0.32 CHF",
  "breadcrumb": "Sortiment > Sortiment > Trofie",
  "pdp_url": "https://sortiment.lidl.ch/de/trofie-6001881",
  "product_description": "Artikelnr.: 6001881",
  "producthierarchy_level1": "Sortiment",
  "producthierarchy_level2": "Sortiment",
  "producthierarchy_level3": "Trofie",
  "producthierarchy_level4": "",
  "producthierarchy_level5": "",
  "producthierarchy_level6": "",
  "producthierarchy_level7": "",
  "currency": "Swiss franc",
  "file_name_1": "6001881_1.jpg",
  "image_url_1": "https://sortiment.lidl.ch/media/catalog/product/cache/38c728e59b3a47950872534eff8a1e63/6/0/6001881_PSXX.jpg"
},
{
  "_id": {
    "$oid": "66f3a14ed23ade1eec55f8f9"
  },
  "unique_id": "6001878",
  "product_name": "Orecchiette",
  "brand": "Nonna Mia",
  "regular_price": 1.99,
  "selling_price": 1.59,
  "price_per_unit": "pro 500g | 100g = 0.32 CHF",
  "breadcrumb": "Sortiment > Sortiment > Orecchiette",
  "pdp_url": "https://sortiment.lidl.ch/de/orecchiette-6001878",
  "product_description": "Artikelnr.: 6001878",
  "producthierarchy_level1": "Sortiment",
  "producthierarchy_level2": "Sortiment",
  "producthierarchy_level3": "Orecchiette",
  "producthierarchy_level4": "",
  "producthierarchy_level5": "",
  "producthierarchy_level6": "",
  "producthierarchy_level7": "",
  "currency": "Swiss franc",
  "file_name_1": "6001878_1.jpg",
  "image_url_1": "https://sortiment.lidl.ch/media/catalog/product/cache/38c728e59b3a47950872534eff8a1e63/6/0/6001878_PSXX.jpg"
},
{
  "_id": {
    "$oid": "66f3a150d23ade1eec55f8fa"
  },
  "unique_id": "6001610",
  "product_name": "Kleine gnocchi",
  "brand": "Nonna Mia",
  "regular_price": 2.49,
  "selling_price": 1.99,
  "price_per_unit": "pro 500g | 100g = 0.40 CHF",
  "breadcrumb": "Sortiment > Sortiment > Kleine gnocchi",
  "pdp_url": "https://sortiment.lidl.ch/de/kleine-gnocchi-6001610",
  "product_description": "Artikelnr.: 6001610",
  "producthierarchy_level1": "Sortiment",
  "producthierarchy_level2": "Sortiment",
  "producthierarchy_level3": "Kleine gnocchi",
  "producthierarchy_level4": "",
  "producthierarchy_level5": "",
  "producthierarchy_level6": "",
  "producthierarchy_level7": "",
  "currency": "Swiss franc",
  "file_name_1": "6001610_1.jpg",
  "image_url_1": "https://sortiment.lidl.ch/media/catalog/product/cache/38c728e59b3a47950872534eff8a1e63/6/0/6001610_patate_PSXX.jpg",
  "file_name_2": "6001610_2.jpg",
  "image_url_2": "https://sortiment.lidl.ch/media/catalog/product/cache/38c728e59b3a47950872534eff8a1e63/6/0/6001610_tricolore_PSXX.jpg"
},
{
  "_id": {
    "$oid": "66f3a151d23ade1eec55f8fb"
  },
  "unique_id": "6000204",
  "product_name": "Tagliolini / Bigolini",
  "brand": "Nonna Mia",
  "regular_price": 0.89,
  "selling_price": 0.69,
  "price_per_unit": "pro 250g | 100g = 0.28 CHF",
  "breadcrumb": "Sortiment > Sortiment > Tagliolini / Bigolini",
  "pdp_url": "https://sortiment.lidl.ch/de/tagliolini-bigolini-6000204",
  "product_description": "Artikelnr.: 6000204",
  "producthierarchy_level1": "Sortiment",
  "producthierarchy_level2": "Sortiment",
  "producthierarchy_level3": "Tagliolini / Bigolini",
  "producthierarchy_level4": "",
  "producthierarchy_level5": "",
  "producthierarchy_level6": "",
  "producthierarchy_level7": "",
  "currency": "Swiss franc",
  "file_name_1": "6000204_1.jpg",
  "image_url_1": "https://sortiment.lidl.ch/media/catalog/product/cache/38c728e59b3a47950872534eff8a1e63/6/0/6000204_Bigoli_PSXX.jpg",
  "file_name_2": "6000204_2.jpg",
  "image_url_2": "https://sortiment.lidl.ch/media/catalog/product/cache/38c728e59b3a47950872534eff8a1e63/6/0/6000204_Tagliolini_PSXX.jpg"
},
{
  "_id": {
    "$oid": "66f3a152d23ade1eec55f8fc"
  },
  "unique_id": "6000203",
  "product_name": "Tagliatelle / Pappardelle",
  "brand": "Nonna Mia",
  "regular_price": 0.89,
  "selling_price": 0.69,
  "price_per_unit": "pro 250g | 100g = 0.28 CHF",
  "breadcrumb": "Sortiment > Sortiment > Tagliatelle / Pappardelle",
  "pdp_url": "https://sortiment.lidl.ch/de/tagliatelle-pappardelle-6000203",
  "product_description": "Artikelnr.: 6000203",
  "producthierarchy_level1": "Sortiment",
  "producthierarchy_level2": "Sortiment",
  "producthierarchy_level3": "Tagliatelle / Pappardelle",
  "producthierarchy_level4": "",
  "producthierarchy_level5": "",
  "producthierarchy_level6": "",
  "producthierarchy_level7": "",
  "currency": "Swiss franc",
  "file_name_1": "6000203_1.jpg",
  "image_url_1": "https://sortiment.lidl.ch/media/catalog/product/cache/38c728e59b3a47950872534eff8a1e63/6/0/6000203_Pappardelle_PSXX.jpg",
  "file_name_2": "6000203_2.jpg",
  "image_url_2": "https://sortiment.lidl.ch/media/catalog/product/cache/38c728e59b3a47950872534eff8a1e63/6/0/6000203_Tagliatelle_PSXX.jpg"
},
{
  "_id": {
    "$oid": "66f3a154d23ade1eec55f8fd"
  },
  "unique_id": "6000111",
  "product_name": "Asiago Käse DOP",
  "brand": "Italiamo",
  "regular_price": 5.99,
  "selling_price": 4.79,
  "price_per_unit": "pro 400g | 100g = 1.20 CHF",
  "breadcrumb": "Sortiment > Sortiment > Asiago Käse DOP",
  "pdp_url": "https://sortiment.lidl.ch/de/asiago-kaese-dop-6000111",
  "product_description": "Artikelnr.: 6000111",
  "producthierarchy_level1": "Sortiment",
  "producthierarchy_level2": "Sortiment",
  "producthierarchy_level3": "Asiago Käse DOP",
  "producthierarchy_level4": "",
  "producthierarchy_level5": "",
  "producthierarchy_level6": "",
  "producthierarchy_level7": "",
  "currency": "Swiss franc",
  "file_name_1": "6000111_1.jpg",
  "image_url_1": "https://sortiment.lidl.ch/media/catalog/product/cache/38c728e59b3a47950872534eff8a1e63/6/0/6000111_PSXX.jpg"
},
{
  "_id": {
    "$oid": "66f3a155d23ade1eec55f8fe"
  },
  "unique_id": "99241",
  "product_name": "Prosciutto Cotto 2% Fett",
  "brand": "Dal Salumiere",
  "regular_price": 4.49,
  "selling_price": 3.29,
  "price_per_unit": "pro 120g | 1Kg = 27.42 CHF",
  "breadcrumb": "Sortiment > Sortiment > Prosciutto Cotto 2% Fett",
  "pdp_url": "https://sortiment.lidl.ch/de/prosciutto-cotto-2-fett-0099241",
  "product_description": "Artikelnr.: 99241",
  "producthierarchy_level1": "Sortiment",
  "producthierarchy_level2": "Sortiment",
  "producthierarchy_level3": "Prosciutto Cotto 2% Fett",
  "producthierarchy_level4": "",
  "producthierarchy_level5": "",
  "producthierarchy_level6": "",
  "producthierarchy_level7": "",
  "currency": "Swiss franc",
  "file_name_1": "99241_1.jpg",
  "image_url_1": "https://sortiment.lidl.ch/media/catalog/product/cache/38c728e59b3a47950872534eff8a1e63/9/9/99241_PSXX.jpg"
},
{
  "_id": {
    "$oid": "66f3a156d23ade1eec55f8ff"
  },
  "unique_id": "6009678",
  "product_name": "Dolcezze quotidiane croissant gezuckert",
  "brand": "Dolcezze quotidiane",
  "regular_price": 4.99,
  "selling_price": 3.99,
  "price_per_unit": "pro 300g | 100g = 1.33 CHF",
  "breadcrumb": "Sortiment > Sortiment > Dolcezze quotidiane croissant gezuckert",
  "pdp_url": "https://sortiment.lidl.ch/de/dolcezze-quotidiane-croissant-gezuckert-6009678",
  "product_description": "Artikelnr.: 6009678",
  "producthierarchy_level1": "Sortiment",
  "producthierarchy_level2": "Sortiment",
  "producthierarchy_level3": "Dolcezze quotidiane croissant gezuckert",
  "producthierarchy_level4": "",
  "producthierarchy_level5": "",
  "producthierarchy_level6": "",
  "producthierarchy_level7": "",
  "currency": "Swiss franc",
  "file_name_1": "6009678_1.jpg",
  "image_url_1": "https://sortiment.lidl.ch/media/catalog/product/cache/38c728e59b3a47950872534eff8a1e63/6/0/6009678_PSXX.jpg"
},
{
  "_id": {
    "$oid": "66f3a157d23ade1eec55f900"
  },
  "unique_id": "5112986",
  "product_name": "Ferrero Kinder PaneCioc",
  "brand": "Ferrero",
  "regular_price": 4.99,
  "selling_price": 3.99,
  "price_per_unit": "pro 290g | 100g = 1.38 CHF",
  "breadcrumb": "Sortiment > Sortiment > Ferrero Kinder PaneCioc",
  "pdp_url": "https://sortiment.lidl.ch/de/ferrero-kinder-panecioc-5112986",
  "product_description": "Artikelnr.: 5112986",
  "producthierarchy_level1": "Sortiment",
  "producthierarchy_level2": "Sortiment",
  "producthierarchy_level3": "Ferrero Kinder PaneCioc",
  "producthierarchy_level4": "",
  "producthierarchy_level5": "",
  "producthierarchy_level6": "",
  "producthierarchy_level7": "",
  "currency": "Swiss franc",
  "file_name_1": "5112986_1.jpg",
  "image_url_1": "https://sortiment.lidl.ch/media/catalog/product/cache/38c728e59b3a47950872534eff8a1e63/5/1/5112986_PSXX.jpg"
},
{
  "_id": {
    "$oid": "66f3a159d23ade1eec55f901"
  },
  "unique_id": "5112985",
  "product_name": "Ferrero Kinder Colazione Più",
  "brand": "Ferrero",
  "regular_price": 4.99,
  "selling_price": 3.99,
  "price_per_unit": "pro 290g | 100g = 1.38 CHF",
  "breadcrumb": "Sortiment > Sortiment > Ferrero Kinder Colazione Più",
  "pdp_url": "https://sortiment.lidl.ch/de/ferrero-kinder-colazione-piu-5112985",
  "product_description": "Artikelnr.: 5112985",
  "producthierarchy_level1": "Sortiment",
  "producthierarchy_level2": "Sortiment",
  "producthierarchy_level3": "Ferrero Kinder Colazione Più",
  "producthierarchy_level4": "",
  "producthierarchy_level5": "",
  "producthierarchy_level6": "",
  "producthierarchy_level7": "",
  "currency": "Swiss franc",
  "file_name_1": "5112985_1.jpg",
  "image_url_1": "https://sortiment.lidl.ch/media/catalog/product/cache/38c728e59b3a47950872534eff8a1e63/5/1/5112985_PSXX.jpg"
},
{
  "_id": {
    "$oid": "66f3a15ad23ade1eec55f902"
  },
  "unique_id": "5112984",
  "product_name": "Ferrero Kinder Brioss Latte e Cacao",
  "brand": "Ferrero",
  "regular_price": 4.19,
  "selling_price": 3.35,
  "price_per_unit": "pro 270g | 100g = 1.25 CHF",
  "breadcrumb": "Sortiment > Sortiment > Ferrero Kinder Brioss Latte e Cacao",
  "pdp_url": "https://sortiment.lidl.ch/de/ferrero-kinder-brioss-latte-e-cacao-5112984",
  "product_description": "Artikelnr.: 5112984",
  "producthierarchy_level1": "Sortiment",
  "producthierarchy_level2": "Sortiment",
  "producthierarchy_level3": "Ferrero Kinder Brioss Latte e Cacao",
  "producthierarchy_level4": "",
  "producthierarchy_level5": "",
  "producthierarchy_level6": "",
  "producthierarchy_level7": "",
  "currency": "Swiss franc",
  "file_name_1": "5112984_1.jpg",
  "image_url_1": "https://sortiment.lidl.ch/media/catalog/product/cache/38c728e59b3a47950872534eff8a1e63/5/1/5112984_PSXX.jpg"
},
{
  "_id": {
    "$oid": "66f3a15bd23ade1eec55f903"
  },
  "unique_id": "6006937",
  "product_name": "Weizentoast ohne Rand",
  "brand": "Certossa",
  "regular_price": 2.99,
  "selling_price": 2.39,
  "price_per_unit": "pro 400g | 100g = 0.60 CHF",
  "breadcrumb": "Sortiment > Sortiment > Weizentoast ohne Rand",
  "pdp_url": "https://sortiment.lidl.ch/de/weizentoast-ohne-rand-6006937",
  "product_description": "Artikelnr.: 6006937",
  "producthierarchy_level1": "Sortiment",
  "producthierarchy_level2": "Sortiment",
  "producthierarchy_level3": "Weizentoast ohne Rand",
  "producthierarchy_level4": "",
  "producthierarchy_level5": "",
  "producthierarchy_level6": "",
  "producthierarchy_level7": "",
  "currency": "Swiss franc",
  "file_name_1": "6006937_1.jpg",
  "image_url_1": "https://sortiment.lidl.ch/media/catalog/product/cache/38c728e59b3a47950872534eff8a1e63/6/0/6006937_PSXX.jpg"
},
{
  "_id": {
    "$oid": "66f3a15cd23ade1eec55f904"
  },
  "unique_id": "6003971",
  "product_name": "Fladenbrot",
  "brand": "Italiamo",
  "regular_price": 1.99,
  "selling_price": 1.49,
  "price_per_unit": "pro 390g | 100g = 0.39 CHF",
  "breadcrumb": "Sortiment > Sortiment > Fladenbrot",
  "pdp_url": "https://sortiment.lidl.ch/de/fladenbrot-6003971",
  "product_description": "Artikelnr.: 6003971",
  "producthierarchy_level1": "Sortiment",
  "producthierarchy_level2": "Sortiment",
  "producthierarchy_level3": "Fladenbrot",
  "producthierarchy_level4": "",
  "producthierarchy_level5": "",
  "producthierarchy_level6": "",
  "producthierarchy_level7": "",
  "currency": "Swiss franc",
  "file_name_1": "6003971_1.jpg",
  "image_url_1": "https://sortiment.lidl.ch/media/catalog/product/cache/38c728e59b3a47950872534eff8a1e63/6/0/6003971_PSXX.jpg"
},
{
  "_id": {
    "$oid": "66f3a15dd23ade1eec55f905"
  },
  "unique_id": "6008347",
  "product_name": "Mürbeteigkekse mit Schokoladentropfen",
  "brand": "Realforno",
  "regular_price": 3.95,
  "selling_price": 2.99,
  "price_per_unit": "pro 700g | 100g = 0.43 CHF",
  "breadcrumb": "Sortiment > Sortiment > Mürbeteigkekse mit Schokoladentropfen",
  "pdp_url": "https://sortiment.lidl.ch/de/muerbeteigkekse-mit-schokoladentropfen-6008347",
  "product_description": "Artikelnr.: 6008347",
  "producthierarchy_level1": "Sortiment",
  "producthierarchy_level2": "Sortiment",
  "producthierarchy_level3": "Mürbeteigkekse mit Schokoladentropfen",
  "producthierarchy_level4": "",
  "producthierarchy_level5": "",
  "producthierarchy_level6": "",
  "producthierarchy_level7": "",
  "currency": "Swiss franc",
  "file_name_1": "6008347_1.jpg",
  "image_url_1": "https://sortiment.lidl.ch/media/catalog/product/cache/38c728e59b3a47950872534eff8a1e63/6/0/6008347_PSXX.jpg"
},
{
  "_id": {
    "$oid": "66f3a15fd23ade1eec55f906"
  },
  "unique_id": "6008343",
  "product_name": "Mürbeteigkekse mit Rahm",
  "brand": "Realforno",
  "regular_price": 3.95,
  "selling_price": 2.99,
  "price_per_unit": "pro 700g | 100g = 0.43 CHF",
  "breadcrumb": "Sortiment > Sortiment > Mürbeteigkekse mit Rahm",
  "pdp_url": "https://sortiment.lidl.ch/de/muerbeteigkekse-mit-rahm-6008343",
  "product_description": "Artikelnr.: 6008343",
  "producthierarchy_level1": "Sortiment",
  "producthierarchy_level2": "Sortiment",
  "producthierarchy_level3": "Mürbeteigkekse mit Rahm",
  "producthierarchy_level4": "",
  "producthierarchy_level5": "",
  "producthierarchy_level6": "",
  "producthierarchy_level7": "",
  "currency": "Swiss franc",
  "file_name_1": "6008343_1.jpg",
  "image_url_1": "https://sortiment.lidl.ch/media/catalog/product/cache/38c728e59b3a47950872534eff8a1e63/6/0/6008343_PSXX.jpg"
},
{
  "_id": {
    "$oid": "66f3a160d23ade1eec55f907"
  },
  "unique_id": "1822",
  "product_name": "Powerade Mountain Blast",
  "brand": "",
  "regular_price": 2.69,
  "selling_price": 2.69,
  "price_per_unit": "pro 0,5l | 1L = 5.38 CHF",
  "breadcrumb": "Sortiment > Sortiment > Powerade Mountain Blast",
  "pdp_url": "https://sortiment.lidl.ch/de/powerade-mountain-blast-0001822",
  "product_description": "Artikelnr.: 1822",
  "producthierarchy_level1": "Sortiment",
  "producthierarchy_level2": "Sortiment",
  "producthierarchy_level3": "Powerade Mountain Blast",
  "producthierarchy_level4": "",
  "producthierarchy_level5": "",
  "producthierarchy_level6": "",
  "producthierarchy_level7": "",
  "currency": "Swiss franc",
  "file_name_1": "1822_1.jpg",
  "image_url_1": "https://sortiment.lidl.ch/media/catalog/product/cache/38c728e59b3a47950872534eff8a1e63/1/8/1822_PSXX.jpg"
},
{
  "_id": {
    "$oid": "66f3a161d23ade1eec55f908"
  },
  "unique_id": "5103950",
  "product_name": "Solomania Dörrbohnen",
  "brand": "Solomania",
  "regular_price": 4.79,
  "selling_price": 4.79,
  "price_per_unit": "pro 100g",
  "breadcrumb": "Sortiment > Sortiment > Solomania Dörrbohnen",
  "pdp_url": "https://sortiment.lidl.ch/de/solomania-doerrbohnen-5103950",
  "product_description": "Artikelnr.: 5103950",
  "producthierarchy_level1": "Sortiment",
  "producthierarchy_level2": "Sortiment",
  "producthierarchy_level3": "Solomania Dörrbohnen",
  "producthierarchy_level4": "",
  "producthierarchy_level5": "",
  "producthierarchy_level6": "",
  "producthierarchy_level7": "",
  "currency": "Swiss franc",
  "file_name_1": "5103950_1.jpg",
  "image_url_1": "https://sortiment.lidl.ch/media/catalog/product/cache/38c728e59b3a47950872534eff8a1e63/5/1/5103950_FSAU.jpg",
  "file_name_2": "5103950_2.jpg",
  "image_url_2": "https://sortiment.lidl.ch/media/catalog/product/cache/38c728e59b3a47950872534eff8a1e63/5/1/5103950_MOOB.jpg",
  "file_name_3": "5103950_3.jpg",
  "image_url_3": "https://sortiment.lidl.ch/media/catalog/product/cache/38c728e59b3a47950872534eff8a1e63/5/1/5103950_PSXX.jpg"
},
{
  "_id": {
    "$oid": "66f3a162d23ade1eec55f909"
  },
  "unique_id": "6013782",
  "product_name": "Manitoba Weizenmehl",
  "brand": "Belbake",
  "regular_price": 1.99,
  "selling_price": 1.55,
  "price_per_unit": "pro 1kg",
  "breadcrumb": "Sortiment > Sortiment > Manitoba Weizenmehl",
  "pdp_url": "https://sortiment.lidl.ch/de/manitoba-weizenmehl-6013782",
  "product_description": "Artikelnr.: 6013782",
  "producthierarchy_level1": "Sortiment",
  "producthierarchy_level2": "Sortiment",
  "producthierarchy_level3": "Manitoba Weizenmehl",
  "producthierarchy_level4": "",
  "producthierarchy_level5": "",
  "producthierarchy_level6": "",
  "producthierarchy_level7": "",
  "currency": "Swiss franc",
  "file_name_1": "6013782_1.jpg",
  "image_url_1": "https://sortiment.lidl.ch/media/catalog/product/cache/38c728e59b3a47950872534eff8a1e63/6/0/6013782_PSXX.jpg"
},
{
  "_id": {
    "$oid": "66f3a163d23ade1eec55f90a"
  },
  "unique_id": "1800549",
  "product_name": "Toblerone",
  "brand": "",
  "regular_price": 2.85,
  "selling_price": 2.85,
  "price_per_unit": "pro 100g",
  "breadcrumb": "Sortiment > Sortiment > Toblerone",
  "pdp_url": "https://sortiment.lidl.ch/de/toblerone-1800549",
  "product_description": "Artikelnr.: 1800549",
  "producthierarchy_level1": "Sortiment",
  "producthierarchy_level2": "Sortiment",
  "producthierarchy_level3": "Toblerone",
  "producthierarchy_level4": "",
  "producthierarchy_level5": "",
  "producthierarchy_level6": "",
  "producthierarchy_level7": "",
  "currency": "Swiss franc",
  "file_name_1": "1800549_1.jpg",
  "image_url_1": "https://sortiment.lidl.ch/media/catalog/product/cache/38c728e59b3a47950872534eff8a1e63/1/8/1800549_Dark_PSXX.jpg",
  "file_name_2": "1800549_2.jpg",
  "image_url_2": "https://sortiment.lidl.ch/media/catalog/product/cache/38c728e59b3a47950872534eff8a1e63/1/8/1800549_Hell_PSXX.jpg",
  "file_name_3": "1800549_3.jpg",
  "image_url_3": "https://sortiment.lidl.ch/media/catalog/product/cache/38c728e59b3a47950872534eff8a1e63/1/8/1800549_Weiss_PSXX.jpg"
},
{
  "_id": {
    "$oid": "66f3a165d23ade1eec55f90b"
  },
  "unique_id": "201843",
  "product_name": "Buchstabensuppe",
  "brand": "Kania",
  "regular_price": 0.45,
  "selling_price": 0.45,
  "price_per_unit": "pro 75g | 100g = 0.60 CHF",
  "breadcrumb": "Sortiment > Sortiment > Buchstabensuppe",
  "pdp_url": "https://sortiment.lidl.ch/de/buchstabensuppe-0201843",
  "product_description": "Artikelnr.: 201843",
  "producthierarchy_level1": "Sortiment",
  "producthierarchy_level2": "Sortiment",
  "producthierarchy_level3": "Buchstabensuppe",
  "producthierarchy_level4": "",
  "producthierarchy_level5": "",
  "producthierarchy_level6": "",
  "producthierarchy_level7": "",
  "currency": "Swiss franc",
  "file_name_1": "201843_1.jpg",
  "image_url_1": "https://sortiment.lidl.ch/media/catalog/product/cache/38c728e59b3a47950872534eff8a1e63/2/0/201843_PSXX.jpg"
},
{
  "_id": {
    "$oid": "66f3a166d23ade1eec55f90c"
  },
  "unique_id": "5112447",
  "product_name": "Schweizer Rhabarber",
  "brand": "Freshona",
  "regular_price": 3.49,
  "selling_price": 3.49,
  "price_per_unit": "pro 600g | 100g = 0.59 CHF",
  "breadcrumb": "Sortiment > Sortiment > Schweizer Rhabarber",
  "pdp_url": "https://sortiment.lidl.ch/de/schweizer-rhabarber-5112447",
  "product_description": "Artikelnr.: 5112447",
  "producthierarchy_level1": "Sortiment",
  "producthierarchy_level2": "Sortiment",
  "producthierarchy_level3": "Schweizer Rhabarber",
  "producthierarchy_level4": "",
  "producthierarchy_level5": "",
  "producthierarchy_level6": "",
  "producthierarchy_level7": "",
  "currency": "Swiss franc",
  "file_name_1": "5112447_1.jpg",
  "image_url_1": "https://sortiment.lidl.ch/media/catalog/product/cache/38c728e59b3a47950872534eff8a1e63/5/1/5112447_OGAX.jpg",
  "file_name_2": "5112447_2.jpg",
  "image_url_2": "https://sortiment.lidl.ch/media/catalog/product/cache/38c728e59b3a47950872534eff8a1e63/5/1/5112447_OGFG.jpg",
  "file_name_3": "5112447_3.jpg",
  "image_url_3": "https://sortiment.lidl.ch/media/catalog/product/cache/38c728e59b3a47950872534eff8a1e63/5/1/5112447_PSXX.jpg"
},
{
  "_id": {
    "$oid": "66f3a168d23ade1eec55f90d"
  },
  "unique_id": "5112446",
  "product_name": "Schweizer Kürbiswürfel",
  "brand": "Freshona",
  "regular_price": 2.99,
  "selling_price": 2.99,
  "price_per_unit": "pro 400g | 100g = 0.75 CHF",
  "breadcrumb": "Sortiment > Sortiment > Schweizer Kürbiswürfel",
  "pdp_url": "https://sortiment.lidl.ch/de/schweizer-kuerbiswuerfel-5112446",
  "product_description": "Artikelnr.: 5112446",
  "producthierarchy_level1": "Sortiment",
  "producthierarchy_level2": "Sortiment",
  "producthierarchy_level3": "Schweizer Kürbiswürfel",
  "producthierarchy_level4": "",
  "producthierarchy_level5": "",
  "producthierarchy_level6": "",
  "producthierarchy_level7": "",
  "currency": "Swiss franc",
  "file_name_1": "5112446_1.jpg",
  "image_url_1": "https://sortiment.lidl.ch/media/catalog/product/cache/38c728e59b3a47950872534eff8a1e63/5/1/5112446_PSXX.jpg"
},
{
  "_id": {
    "$oid": "66f3a169d23ade1eec55f90e"
  },
  "unique_id": "39910",
  "product_name": "Bodylotion",
  "brand": "Cien",
  "regular_price": 1.99,
  "selling_price": 1.99,
  "price_per_unit": "pro 500ml | 100ML = 0.40 CHF",
  "breadcrumb": "Sortiment > Sortiment > Bodylotion",
  "pdp_url": "https://sortiment.lidl.ch/de/bodylotion-0039910",
  "product_description": "Artikelnr.: 39910",
  "producthierarchy_level1": "Sortiment",
  "producthierarchy_level2": "Sortiment",
  "producthierarchy_level3": "Bodylotion",
  "producthierarchy_level4": "",
  "producthierarchy_level5": "",
  "producthierarchy_level6": "",
  "producthierarchy_level7": "",
  "currency": "Swiss franc",
  "file_name_1": "39910_1.jpg",
  "image_url_1": "https://sortiment.lidl.ch/media/amasty/amoptmobile/catalog/product/cache/38c728e59b3a47950872534eff8a1e63/3/9/39910_PSXX.jpg"
},
{
  "_id": {
    "$oid": "66f3a16ad23ade1eec55f90f"
  },
  "unique_id": "202132",
  "product_name": "Wattestäbchen",
  "brand": "Cien",
  "regular_price": 1.19,
  "selling_price": 1.19,
  "price_per_unit": "pro 400 Stück | 1 Stk = 0.01 CHF",
  "breadcrumb": "Sortiment > Sortiment > Wattestäbchen",
  "pdp_url": "https://sortiment.lidl.ch/de/wattestaebchen-0202132",
  "product_description": "Artikelnr.: 202132",
  "producthierarchy_level1": "Sortiment",
  "producthierarchy_level2": "Sortiment",
  "producthierarchy_level3": "Wattestäbchen",
  "producthierarchy_level4": "",
  "producthierarchy_level5": "",
  "producthierarchy_level6": "",
  "producthierarchy_level7": "",
  "currency": "Swiss franc",
  "file_name_1": "202132_1.jpg",
  "image_url_1": "https://sortiment.lidl.ch/media/amasty/amoptmobile/catalog/product/cache/38c728e59b3a47950872534eff8a1e63/2/0/202132_01_PSXX.jpg",
  "file_name_2": "202132_2.jpg",
  "image_url_2": "https://sortiment.lidl.ch/media/catalog/product/cache/38c728e59b3a47950872534eff8a1e63/2/0/202132_02_PSXX.jpg",
  "file_name_3": "202132_3.jpg",
  "image_url_3": "https://sortiment.lidl.ch/media/catalog/product/cache/38c728e59b3a47950872534eff8a1e63/2/0/202132_03_PSXX.jpg",
  "file_name_4": "202132_4.jpg",
  "image_url_4": "https://sortiment.lidl.ch/media/catalog/product/cache/38c728e59b3a47950872534eff8a1e63/2/0/202132_04_PSXX.jpg"
},
{
  "_id": {
    "$oid": "66f3a16cd23ade1eec55f910"
  },
  "unique_id": "212356",
  "product_name": "Duschgel mit Mandel",
  "brand": "Cien",
  "regular_price": 0.6,
  "selling_price": 0.6,
  "price_per_unit": "pro 500ml | 100g = 0.12 CHF",
  "breadcrumb": "Sortiment > Sortiment > Duschgel mit Mandel",
  "pdp_url": "https://sortiment.lidl.ch/de/duschgel-mit-mandel-0212356",
  "product_description": "Artikelnr.: 212356",
  "producthierarchy_level1": "Sortiment",
  "producthierarchy_level2": "Sortiment",
  "producthierarchy_level3": "Duschgel mit Mandel",
  "producthierarchy_level4": "",
  "producthierarchy_level5": "",
  "producthierarchy_level6": "",
  "producthierarchy_level7": "",
  "currency": "Swiss franc",
  "file_name_1": "212356_1.jpg",
  "image_url_1": "https://sortiment.lidl.ch/media/catalog/product/cache/38c728e59b3a47950872534eff8a1e63/2/1/212356_PSXX.jpg"
},
{
  "_id": {
    "$oid": "66f3a16dd23ade1eec55f911"
  },
  "unique_id": "5112234",
  "product_name": "Meat Balls Poulet / Beef",
  "brand": "Chef Select",
  "regular_price": 11.95,
  "selling_price": 11.95,
  "price_per_unit": "pro 750g | 100g = 1.60 CHF",
  "breadcrumb": "Sortiment > Sortiment > Meat Balls Poulet / Beef",
  "pdp_url": "https://sortiment.lidl.ch/de/meat-balls-poulet-beef-5112234",
  "product_description": "Artikelnr.: 5112234",
  "producthierarchy_level1": "Sortiment",
  "producthierarchy_level2": "Sortiment",
  "producthierarchy_level3": "Meat Balls Poulet / Beef",
  "producthierarchy_level4": "",
  "producthierarchy_level5": "",
  "producthierarchy_level6": "",
  "producthierarchy_level7": "",
  "currency": "Swiss franc",
  "file_name_1": "5112234_1.jpg",
  "image_url_1": "https://sortiment.lidl.ch/media/catalog/product/cache/38c728e59b3a47950872534eff8a1e63/5/1/5112234_Poulet_PSXX.jpg",
  "file_name_2": "5112234_2.jpg",
  "image_url_2": "https://sortiment.lidl.ch/media/catalog/product/cache/38c728e59b3a47950872534eff8a1e63/5/1/5112234_Rind_PSXX.jpg"
},
{
  "_id": {
    "$oid": "66f3a16ed23ade1eec55f912"
  },
  "unique_id": "82887",
  "product_name": "Blumenkohl & Broccoli Mix",
  "brand": "",
  "regular_price": 2.99,
  "selling_price": 2.99,
  "price_per_unit": "pro 400g | 100g = 0.75 CHF",
  "breadcrumb": "Sortiment > Sortiment > Blumenkohl & Broccoli Mix",
  "pdp_url": "https://sortiment.lidl.ch/de/blumenkohl-broccoli-mix-0082887",
  "product_description": "Artikelnr.: 82887",
  "producthierarchy_level1": "Sortiment",
  "producthierarchy_level2": "Sortiment",
  "producthierarchy_level3": "Blumenkohl & Broccoli Mix",
  "producthierarchy_level4": "",
  "producthierarchy_level5": "",
  "producthierarchy_level6": "",
  "producthierarchy_level7": "",
  "currency": "Swiss franc",
  "file_name_1": "82887_1.jpg",
  "image_url_1": "https://sortiment.lidl.ch/media/catalog/product/cache/38c728e59b3a47950872534eff8a1e63/8/2/82887_OGFG.jpg"
},
{
  "_id": {
    "$oid": "66f3a16fd23ade1eec55f913"
  },
  "unique_id": "146858",
  "product_name": "Italienische Haselnüsse",
  "brand": "Alesto Selection",
  "regular_price": 2.99,
  "selling_price": 2.99,
  "price_per_unit": "pro 200g | 100g = 1.50 CHF",
  "breadcrumb": "Sortiment > Sortiment > Italienische Haselnüsse",
  "pdp_url": "https://sortiment.lidl.ch/de/italienische-haselnuesse-0146858",
  "product_description": "Artikelnr.: 146858",
  "producthierarchy_level1": "Sortiment",
  "producthierarchy_level2": "Sortiment",
  "producthierarchy_level3": "Italienische Haselnüsse",
  "producthierarchy_level4": "",
  "producthierarchy_level5": "",
  "producthierarchy_level6": "",
  "producthierarchy_level7": "",
  "currency": "Swiss franc",
  "file_name_1": "146858_1.jpg",
  "image_url_1": "https://sortiment.lidl.ch/media/catalog/product/cache/38c728e59b3a47950872534eff8a1e63/1/4/146858_PSXX.jpg"
},
{
  "_id": {
    "$oid": "66f3a171d23ade1eec55f914"
  },
  "unique_id": "170850",
  "product_name": "Pure Taste Pastete",
  "brand": "Orlando",
  "regular_price": 5.99,
  "selling_price": 5.99,
  "price_per_unit": "pro 8x100g | 100g = 0.75 CHF",
  "breadcrumb": "Sortiment > Sortiment > Pure Taste Pastete",
  "pdp_url": "https://sortiment.lidl.ch/de/pure-taste-pastete-0170850",
  "product_description": "Artikelnr.: 170850",
  "producthierarchy_level1": "Sortiment",
  "producthierarchy_level2": "Sortiment",
  "producthierarchy_level3": "Pure Taste Pastete",
  "producthierarchy_level4": "",
  "producthierarchy_level5": "",
  "producthierarchy_level6": "",
  "producthierarchy_level7": "",
  "currency": "Swiss franc",
  "file_name_1": "170850_1.jpg",
  "image_url_1": "https://sortiment.lidl.ch/media/catalog/product/cache/38c728e59b3a47950872534eff8a1e63/1/7/170850_PSXX.jpg"
},
{
  "_id": {
    "$oid": "66f3a172d23ade1eec55f915"
  },
  "unique_id": "160703",
  "product_name": "Frucht Cocktail",
  "brand": "Freshona",
  "regular_price": 1.25,
  "selling_price": 1.25,
  "price_per_unit": "pro 250g (Abtropfgewicht) | 100g = 0.50 CHF",
  "breadcrumb": "Sortiment > Sortiment > Frucht Cocktail",
  "pdp_url": "https://sortiment.lidl.ch/de/frucht-cocktail-0160703",
  "product_description": "Artikelnr.: 160703",
  "producthierarchy_level1": "Sortiment",
  "producthierarchy_level2": "Sortiment",
  "producthierarchy_level3": "Frucht Cocktail",
  "producthierarchy_level4": "",
  "producthierarchy_level5": "",
  "producthierarchy_level6": "",
  "producthierarchy_level7": "",
  "currency": "Swiss franc",
  "file_name_1": "160703_1.jpg",
  "image_url_1": "https://sortiment.lidl.ch/media/catalog/product/cache/38c728e59b3a47950872534eff8a1e63/1/6/160703_PSXX.jpg"
},
{
  "_id": {
    "$oid": "66f3a173d23ade1eec55f916"
  },
  "unique_id": "6015384",
  "product_name": "Bio Olivenöl extra vergine",
  "brand": "Primadonna",
  "regular_price": 8.99,
  "selling_price": 8.99,
  "price_per_unit": "pro 500ml | 100ML = 1.80 CHF",
  "breadcrumb": "Sortiment > Sortiment > Bio Olivenöl extra vergine",
  "pdp_url": "https://sortiment.lidl.ch/de/bio-olivenoel-extra-vergine-6015384",
  "product_description": "Artikelnr.: 6015384",
  "producthierarchy_level1": "Sortiment",
  "producthierarchy_level2": "Sortiment",
  "producthierarchy_level3": "Bio Olivenöl extra vergine",
  "producthierarchy_level4": "",
  "producthierarchy_level5": "",
  "producthierarchy_level6": "",
  "producthierarchy_level7": "",
  "currency": "Swiss franc",
  "file_name_1": "6015384_1.jpg",
  "image_url_1": "https://sortiment.lidl.ch/media/catalog/product/cache/38c728e59b3a47950872534eff8a1e63/6/0/6015384_PSXX.jpg"
},
{
  "_id": {
    "$oid": "66f3a175d23ade1eec55f917"
  },
  "unique_id": "201111",
  "product_name": "Bratensauce Paste",
  "brand": "Kania",
  "regular_price": 2.49,
  "selling_price": 2.49,
  "price_per_unit": "pro 150g | 100g = 1.66 CHF",
  "breadcrumb": "Sortiment > Sortiment > Bratensauce Paste",
  "pdp_url": "https://sortiment.lidl.ch/de/bratensauce-paste-0201111",
  "product_description": "Artikelnr.: 201111",
  "producthierarchy_level1": "Sortiment",
  "producthierarchy_level2": "Sortiment",
  "producthierarchy_level3": "Bratensauce Paste",
  "producthierarchy_level4": "",
  "producthierarchy_level5": "",
  "producthierarchy_level6": "",
  "producthierarchy_level7": "",
  "currency": "Swiss franc",
  "file_name_1": "201111_1.jpg",
  "image_url_1": "https://sortiment.lidl.ch/media/catalog/product/cache/38c728e59b3a47950872534eff8a1e63/2/0/201111_PSXX.jpg"
},
{
  "_id": {
    "$oid": "66f3a176d23ade1eec55f918"
  },
  "unique_id": "6000470",
  "product_name": "Grana Padano DOP",
  "brand": "Milbona",
  "regular_price": 2.99,
  "selling_price": 2.99,
  "price_per_unit": "pro 200g | 100g = 1.50 CHF",
  "breadcrumb": "Sortiment > Sortiment > Grana Padano DOP",
  "pdp_url": "https://sortiment.lidl.ch/de/grana-padano-dop-6000470",
  "product_description": "Artikelnr.: 6000470",
  "producthierarchy_level1": "Sortiment",
  "producthierarchy_level2": "Sortiment",
  "producthierarchy_level3": "Grana Padano DOP",
  "producthierarchy_level4": "",
  "producthierarchy_level5": "",
  "producthierarchy_level6": "",
  "producthierarchy_level7": "",
  "currency": "Swiss franc",
  "file_name_1": "6000470_1.jpg",
  "image_url_1": "https://sortiment.lidl.ch/media/catalog/product/cache/38c728e59b3a47950872534eff8a1e63/6/0/6000470_PSXX.jpg"
},
{
  "_id": {
    "$oid": "66f3a177d23ade1eec55f919"
  },
  "unique_id": "7207726",
  "product_name": "Mochi",
  "brand": "Gelatelli",
  "regular_price": 3.99,
  "selling_price": 3.99,
  "price_per_unit": "pro 210g | 100g = 1.90 CHF",
  "breadcrumb": "Sortiment > Sortiment > Mochi",
  "pdp_url": "https://sortiment.lidl.ch/de/mochi-7207726",
  "product_description": "Artikelnr.: 7207726",
  "producthierarchy_level1": "Sortiment",
  "producthierarchy_level2": "Sortiment",
  "producthierarchy_level3": "Mochi",
  "producthierarchy_level4": "",
  "producthierarchy_level5": "",
  "producthierarchy_level6": "",
  "producthierarchy_level7": "",
  "currency": "Swiss franc",
  "file_name_1": "7207726_1.jpg",
  "image_url_1": "https://sortiment.lidl.ch/media/catalog/product/cache/38c728e59b3a47950872534eff8a1e63/7/2/7207726_Mango_Passionfruit_PSXX.jpg",
  "file_name_2": "7207726_2.jpg",
  "image_url_2": "https://sortiment.lidl.ch/media/catalog/product/cache/38c728e59b3a47950872534eff8a1e63/7/2/7207726_Schoko_Weiss_PSXX.jpg",
  "file_name_3": "7207726_3.jpg",
  "image_url_3": "https://sortiment.lidl.ch/media/catalog/product/cache/38c728e59b3a47950872534eff8a1e63/7/2/7207726_Vanille_PSXX.jpg"
},
{
  "_id": {
    "$oid": "66f3a179d23ade1eec55f91a"
  },
  "unique_id": "28374",
  "product_name": "Cornichons",
  "brand": "Freshona",
  "regular_price": 1.79,
  "selling_price": 1.79,
  "price_per_unit": "pro 370g Abtropfgewicht | 100g = 0.49 CHF",
  "breadcrumb": "Sortiment > Sortiment > Cornichons",
  "pdp_url": "https://sortiment.lidl.ch/de/cornichons-0028374",
  "product_description": "Artikelnr.: 28374",
  "producthierarchy_level1": "Sortiment",
  "producthierarchy_level2": "Sortiment",
  "producthierarchy_level3": "Cornichons",
  "producthierarchy_level4": "",
  "producthierarchy_level5": "",
  "producthierarchy_level6": "",
  "producthierarchy_level7": "",
  "currency": "Swiss franc",
  "file_name_1": "28374_1.jpg",
  "image_url_1": "https://sortiment.lidl.ch/media/catalog/product/cache/38c728e59b3a47950872534eff8a1e63/2/8/28374_PSXX.jpg"
},
{
  "_id": {
    "$oid": "66f3a17ad23ade1eec55f91b"
  },
  "unique_id": "1800436",
  "product_name": "Haribo Tropi Frutti, Cherries, Cola",
  "brand": "Haribo",
  "regular_price": 1.99,
  "selling_price": 1.99,
  "price_per_unit": "pro 300g | 100g = 0.67 CHF",
  "breadcrumb": "Sortiment > Sortiment > Haribo Tropi Frutti, Cherries, Cola",
  "pdp_url": "https://sortiment.lidl.ch/de/haribo-tropi-frutti-cherries-cola-1800436",
  "product_description": "Artikelnr.: 1800436 *Konkurrenzvergleich:  20.08.2024",
  "producthierarchy_level1": "Sortiment",
  "producthierarchy_level2": "Sortiment",
  "producthierarchy_level3": "Haribo Tropi Frutti, Cherries, Cola",
  "producthierarchy_level4": "",
  "producthierarchy_level5": "",
  "producthierarchy_level6": "",
  "producthierarchy_level7": "",
  "currency": "Swiss franc",
  "file_name_1": "1800436_1.jpg",
  "image_url_1": "https://sortiment.lidl.ch/media/catalog/product/cache/38c728e59b3a47950872534eff8a1e63/1/8/1800436_Cherries_PSXX.jpg",
  "file_name_2": "1800436_2.jpg",
  "image_url_2": "https://sortiment.lidl.ch/media/catalog/product/cache/38c728e59b3a47950872534eff8a1e63/1/8/1800436_Cola_PSXX.jpg",
  "file_name_3": "1800436_3.jpg",
  "image_url_3": "https://sortiment.lidl.ch/media/catalog/product/cache/38c728e59b3a47950872534eff8a1e63/1/8/1800436_Tropi_Frutti_PSXX.jpg"
},
{
  "_id": {
    "$oid": "66f3a17cd23ade1eec55f91c"
  },
  "unique_id": "163202",
  "product_name": "Raumduft mit Stäbchen",
  "brand": "Spa Moments",
  "regular_price": 3.29,
  "selling_price": 3.29,
  "price_per_unit": "pro 100ml",
  "breadcrumb": "Sortiment > Sortiment > Raumduft mit Stäbchen",
  "pdp_url": "https://sortiment.lidl.ch/de/raumduft-mit-staebchen-0163202",
  "product_description": "Artikelnr.: 163202",
  "producthierarchy_level1": "Sortiment",
  "producthierarchy_level2": "Sortiment",
  "producthierarchy_level3": "Raumduft mit Stäbchen",
  "producthierarchy_level4": "",
  "producthierarchy_level5": "",
  "producthierarchy_level6": "",
  "producthierarchy_level7": "",
  "currency": "Swiss franc",
  "file_name_1": "163202_1.jpg",
  "image_url_1": "https://sortiment.lidl.ch/media/catalog/product/cache/38c728e59b3a47950872534eff8a1e63/1/6/163202_HerbsMusk_PSXX.jpg",
  "file_name_2": "163202_2.jpg",
  "image_url_2": "https://sortiment.lidl.ch/media/catalog/product/cache/38c728e59b3a47950872534eff8a1e63/1/6/163202_OrangeFlower_PSXX.jpg",
  "file_name_3": "163202_3.jpg",
  "image_url_3": "https://sortiment.lidl.ch/media/catalog/product/cache/38c728e59b3a47950872534eff8a1e63/1/6/163202_RoseBlossom_PSXX.jpg"
},
{
  "_id": {
    "$oid": "66f3a17dd23ade1eec55f91d"
  },
  "unique_id": "5112774",
  "product_name": "Yogi Tea Bio Tee",
  "brand": "Yogi Tea",
  "regular_price": 4.29,
  "selling_price": 4.29,
  "price_per_unit": "pro 17 Stück | 1 Stk = 0.26 CHF",
  "breadcrumb": "Sortiment > Sortiment > Yogi Tea Bio Tee",
  "pdp_url": "https://sortiment.lidl.ch/de/yogi-tea-bio-tee-5112774",
  "product_description": "Artikelnr.: 5112774",
  "producthierarchy_level1": "Sortiment",
  "producthierarchy_level2": "Sortiment",
  "producthierarchy_level3": "Yogi Tea Bio Tee",
  "producthierarchy_level4": "",
  "producthierarchy_level5": "",
  "producthierarchy_level6": "",
  "producthierarchy_level7": "",
  "currency": "Swiss franc",
  "file_name_1": "5112774_1.jpg",
  "image_url_1": "https://sortiment.lidl.ch/media/catalog/product/cache/38c728e59b3a47950872534eff8a1e63/5/1/5112774_BasischeKraeuter_PSXX.jpg",
  "file_name_2": "5112774_2.jpg",
  "image_url_2": "https://sortiment.lidl.ch/media/catalog/product/cache/38c728e59b3a47950872534eff8a1e63/5/1/5112774_Glueckstee_PSXX.jpg",
  "file_name_3": "5112774_3.jpg",
  "image_url_3": "https://sortiment.lidl.ch/media/catalog/product/cache/38c728e59b3a47950872534eff8a1e63/5/1/5112774_Halswaermer_PSXX.jpg",
  "file_name_4": "5112774_4.jpg",
  "image_url_4": "https://sortiment.lidl.ch/media/catalog/product/cache/38c728e59b3a47950872534eff8a1e63/5/1/5112774_KurkumaChai_PSXX.jpg",
  "file_name_5": "5112774_5.jpg",
  "image_url_5": "https://sortiment.lidl.ch/media/catalog/product/cache/38c728e59b3a47950872534eff8a1e63/5/1/5112774_NachDemEssen_PSXX.jpg"
},
{
  "_id": {
    "$oid": "66f3a17ed23ade1eec55f91e"
  },
  "unique_id": "149953",
  "product_name": "Kaffeekapseln Modena Lungo",
  "brand": "Bellarom",
  "regular_price": 6.89,
  "selling_price": 6.89,
  "price_per_unit": "pro 44 Stück | 1 Stk = 0.16 CHF",
  "breadcrumb": "Sortiment > Sortiment > Kaffeekapseln Modena Lungo",
  "pdp_url": "https://sortiment.lidl.ch/de/kaffeekapseln-modena-lungo-0149953",
  "product_description": "Artikelnr.: 149953",
  "producthierarchy_level1": "Sortiment",
  "producthierarchy_level2": "Sortiment",
  "producthierarchy_level3": "Kaffeekapseln Modena Lungo",
  "producthierarchy_level4": "",
  "producthierarchy_level5": "",
  "producthierarchy_level6": "",
  "producthierarchy_level7": "",
  "currency": "Swiss franc",
  "file_name_1": "149953_1.jpg",
  "image_url_1": "https://sortiment.lidl.ch/media/catalog/product/cache/38c728e59b3a47950872534eff8a1e63/1/4/149953_PSXX.jpg"
},
{
  "_id": {
    "$oid": "66f3a17fd23ade1eec55f91f"
  },
  "unique_id": "205569",
  "product_name": "Monteravy",
  "brand": "Milbona",
  "regular_price": 1.49,
  "selling_price": 1.49,
  "price_per_unit": "pro 6x50g | 100g = 0.50 CHF",
  "breadcrumb": "Sortiment > Sortiment > Monteravy",
  "pdp_url": "https://sortiment.lidl.ch/de/monteravy-0205569",
  "product_description": "Artikelnr.: 205569",
  "producthierarchy_level1": "Sortiment",
  "producthierarchy_level2": "Sortiment",
  "producthierarchy_level3": "Monteravy",
  "producthierarchy_level4": "",
  "producthierarchy_level5": "",
  "producthierarchy_level6": "",
  "producthierarchy_level7": "",
  "currency": "Swiss franc",
  "file_name_1": "205569_1.jpg",
  "image_url_1": "https://sortiment.lidl.ch/media/catalog/product/cache/38c728e59b3a47950872534eff8a1e63/2/0/205569_01_PSXX.jpg",
  "file_name_2": "205569_2.jpg",
  "image_url_2": "https://sortiment.lidl.ch/media/catalog/product/cache/38c728e59b3a47950872534eff8a1e63/2/0/205569_Top_PSXX.jpg"
},
{
  "_id": {
    "$oid": "66f3a180d23ade1eec55f920"
  },
  "unique_id": "83343",
  "product_name": "Saucenzwiebeln Mix",
  "brand": "Terra Natura",
  "regular_price": 0.99,
  "selling_price": 0.99,
  "price_per_unit": "pro 500g | 1Kg = 1.98 CHF",
  "breadcrumb": "Sortiment > Sortiment > Saucenzwiebeln Mix",
  "pdp_url": "https://sortiment.lidl.ch/de/saucenzwiebeln-mix-0083343",
  "product_description": "Artikelnr.: 83343",
  "producthierarchy_level1": "Sortiment",
  "producthierarchy_level2": "Sortiment",
  "producthierarchy_level3": "Saucenzwiebeln Mix",
  "producthierarchy_level4": "",
  "producthierarchy_level5": "",
  "producthierarchy_level6": "",
  "producthierarchy_level7": "",
  "currency": "Swiss franc",
  "file_name_1": "83343_1.jpg",
  "image_url_1": "https://sortiment.lidl.ch/media/catalog/product/cache/38c728e59b3a47950872534eff8a1e63/8/3/83343_OGFG.jpg"
},
{
  "_id": {
    "$oid": "66f3a182d23ade1eec55f921"
  },
  "unique_id": "218512",
  "product_name": "Sushi4You Manami / Sora Box",
  "brand": "Sushi4You",
  "regular_price": 4.99,
  "selling_price": 4.99,
  "price_per_unit": "pro 205g | 100g = 2.44 CHF",
  "breadcrumb": "Sortiment > Sortiment > Sushi4You Manami / Sora Box",
  "pdp_url": "https://sortiment.lidl.ch/de/sushi4you-manami-sora-box-0218512",
  "product_description": "Artikelnr.: 218512",
  "producthierarchy_level1": "Sortiment",
  "producthierarchy_level2": "Sortiment",
  "producthierarchy_level3": "Sushi4You Manami / Sora Box",
  "producthierarchy_level4": "",
  "producthierarchy_level5": "",
  "producthierarchy_level6": "",
  "producthierarchy_level7": "",
  "currency": "Swiss franc",
  "file_name_1": "218512_1.jpg",
  "image_url_1": "https://sortiment.lidl.ch/media/catalog/product/cache/38c728e59b3a47950872534eff8a1e63/2/1/218512_MANAMI_PSXX.jpg",
  "file_name_2": "218512_2.jpg",
  "image_url_2": "https://sortiment.lidl.ch/media/catalog/product/cache/38c728e59b3a47950872534eff8a1e63/2/1/218512_SORA_PSXX.jpg"
},
{
  "_id": {
    "$oid": "66f3a183d23ade1eec55f922"
  },
  "unique_id": "183851",
  "product_name": "Nüsse-Früchte Mix",
  "brand": "Alesto Selection",
  "regular_price": 2.79,
  "selling_price": 2.79,
  "price_per_unit": "pro 200g | 100g = 1.40 CHF",
  "breadcrumb": "Sortiment > Sortiment > Nüsse-Früchte Mix",
  "pdp_url": "https://sortiment.lidl.ch/de/nuesse-fruechte-mix-0183851",
  "product_description": "Artikelnr.: 183851",
  "producthierarchy_level1": "Sortiment",
  "producthierarchy_level2": "Sortiment",
  "producthierarchy_level3": "Nüsse-Früchte Mix",
  "producthierarchy_level4": "",
  "producthierarchy_level5": "",
  "producthierarchy_level6": "",
  "producthierarchy_level7": "",
  "currency": "Swiss franc",
  "file_name_1": "183851_1.jpg",
  "image_url_1": "https://sortiment.lidl.ch/media/catalog/product/cache/38c728e59b3a47950872534eff8a1e63/1/8/183851_PSXX.jpg"
},
{
  "_id": {
    "$oid": "66f3a184d23ade1eec55f923"
  },
  "unique_id": "5111995",
  "product_name": "Eier aus der Nordwestschweiz",
  "brand": "Terra Natura",
  "regular_price": 3.29,
  "selling_price": 3.29,
  "price_per_unit": "pro 6 Stück | 1 Stk = 0.55 CHF",
  "breadcrumb": "Sortiment > Sortiment > Eier aus der Nordwestschweiz",
  "pdp_url": "https://sortiment.lidl.ch/de/eier-aus-der-nordwestschweiz-5111995",
  "product_description": "Artikelnr.: 5111995",
  "producthierarchy_level1": "Sortiment",
  "producthierarchy_level2": "Sortiment",
  "producthierarchy_level3": "Eier aus der Nordwestschweiz",
  "producthierarchy_level4": "",
  "producthierarchy_level5": "",
  "producthierarchy_level6": "",
  "producthierarchy_level7": "",
  "currency": "Swiss franc",
  "file_name_1": "5111995_1.jpg",
  "image_url_1": "https://sortiment.lidl.ch/media/catalog/product/cache/38c728e59b3a47950872534eff8a1e63/5/1/5111995_PSXX.jpg"
},
{
  "_id": {
    "$oid": "66f3a186d23ade1eec55f924"
  },
  "unique_id": "201266",
  "product_name": "Primitivo Puglia IGT",
  "brand": "",
  "regular_price": 9.95,
  "selling_price": 7.95,
  "price_per_unit": "pro 3l | 1L = 2.65 CHF",
  "breadcrumb": "Sortiment > Sortiment > Primitivo Puglia IGT",
  "pdp_url": "https://sortiment.lidl.ch/de/primitivo-puglia-igt-0201266",
  "product_description": "Artikelnr.: 201266",
  "producthierarchy_level1": "Sortiment",
  "producthierarchy_level2": "Sortiment",
  "producthierarchy_level3": "Primitivo Puglia IGT",
  "producthierarchy_level4": "",
  "producthierarchy_level5": "",
  "producthierarchy_level6": "",
  "producthierarchy_level7": "",
  "currency": "Swiss franc",
  "file_name_1": "201266_1.jpg",
  "image_url_1": "https://sortiment.lidl.ch/media/catalog/product/cache/38c728e59b3a47950872534eff8a1e63/2/0/201266_PSWE.jpg"
},
{
  "_id": {
    "$oid": "66f3a187d23ade1eec55f925"
  },
  "unique_id": "122134",
  "product_name": "Gouda gerieben",
  "brand": "Milbona",
  "regular_price": 2.99,
  "selling_price": 2.99,
  "price_per_unit": "pro 250g | 100g = 1.20 CHF",
  "breadcrumb": "Sortiment > Sortiment > Gouda gerieben",
  "pdp_url": "https://sortiment.lidl.ch/de/gouda-gerieben-0122134",
  "product_description": "Artikelnr.: 122134",
  "producthierarchy_level1": "Sortiment",
  "producthierarchy_level2": "Sortiment",
  "producthierarchy_level3": "Gouda gerieben",
  "producthierarchy_level4": "",
  "producthierarchy_level5": "",
  "producthierarchy_level6": "",
  "producthierarchy_level7": "",
  "currency": "Swiss franc",
  "file_name_1": "122134_1.jpg",
  "image_url_1": "https://sortiment.lidl.ch/media/catalog/product/cache/38c728e59b3a47950872534eff8a1e63/1/2/122134_PSXX.jpg"
},
{
  "_id": {
    "$oid": "66f3a189d23ade1eec55f926"
  },
  "unique_id": "186823",
  "product_name": "Mozzarella Scheiben rund",
  "brand": "Milbona",
  "regular_price": 2.49,
  "selling_price": 2.49,
  "price_per_unit": "pro 150g | 100g = 1.66 CHF",
  "breadcrumb": "Sortiment > Sortiment > Mozzarella Scheiben rund",
  "pdp_url": "https://sortiment.lidl.ch/de/mozzarella-scheiben-rund-0186823",
  "product_description": "Artikelnr.: 186823",
  "producthierarchy_level1": "Sortiment",
  "producthierarchy_level2": "Sortiment",
  "producthierarchy_level3": "Mozzarella Scheiben rund",
  "producthierarchy_level4": "",
  "producthierarchy_level5": "",
  "producthierarchy_level6": "",
  "producthierarchy_level7": "",
  "currency": "Swiss franc",
  "file_name_1": "186823_1.jpg",
  "image_url_1": "https://sortiment.lidl.ch/media/catalog/product/cache/38c728e59b3a47950872534eff8a1e63/1/8/186823_mild_PSXX.jpg",
  "file_name_2": "186823_2.jpg",
  "image_url_2": "https://sortiment.lidl.ch/media/catalog/product/cache/38c728e59b3a47950872534eff8a1e63/1/8/186823_rauchig_PSXX.jpg"
},
{
  "_id": {
    "$oid": "66f3a18bd23ade1eec55f927"
  },
  "unique_id": "192901",
  "product_name": "Sheba Katzenfutter nass Fresh & Fine",
  "brand": "Sheba",
  "regular_price": 9.99,
  "selling_price": 9.99,
  "price_per_unit": "pro 15x50g | 100g = 1.34 CHF",
  "breadcrumb": "Sortiment > Sortiment > Sheba Katzenfutter nass Fresh & Fine",
  "pdp_url": "https://sortiment.lidl.ch/de/sheba-katzenfutter-nass-fresh-fine-0192901",
  "product_description": "Artikelnr.: 192901",
  "producthierarchy_level1": "Sortiment",
  "producthierarchy_level2": "Sortiment",
  "producthierarchy_level3": "Sheba Katzenfutter nass Fresh & Fine",
  "producthierarchy_level4": "",
  "producthierarchy_level5": "",
  "producthierarchy_level6": "",
  "producthierarchy_level7": "",
  "currency": "Swiss franc",
  "file_name_1": "192901_1.jpg",
  "image_url_1": "https://sortiment.lidl.ch/media/catalog/product/cache/38c728e59b3a47950872534eff8a1e63/1/9/192901_Fisch_PSXX.jpg",
  "file_name_2": "192901_2.jpg",
  "image_url_2": "https://sortiment.lidl.ch/media/catalog/product/cache/38c728e59b3a47950872534eff8a1e63/1/9/192901_Fleisch_PSXX.jpg"
},
{
  "_id": {
    "$oid": "66f3a18cd23ade1eec55f928"
  },
  "unique_id": "7715083",
  "product_name": "Protein Creamy Bar",
  "brand": "",
  "regular_price": 1.69,
  "selling_price": 1.69,
  "price_per_unit": "pro 40g | 100g = 4.23 CHF",
  "breadcrumb": "Sortiment > Sortiment > Protein Creamy Bar",
  "pdp_url": "https://sortiment.lidl.ch/de/protein-creamy-bar-7715083",
  "product_description": "Artikelnr.: 7715083",
  "producthierarchy_level1": "Sortiment",
  "producthierarchy_level2": "Sortiment",
  "producthierarchy_level3": "Protein Creamy Bar",
  "producthierarchy_level4": "",
  "producthierarchy_level5": "",
  "producthierarchy_level6": "",
  "producthierarchy_level7": "",
  "currency": "Swiss franc",
  "file_name_1": "7715083_1.jpg",
  "image_url_1": "https://sortiment.lidl.ch/media/catalog/product/cache/38c728e59b3a47950872534eff8a1e63/7/7/7715083_Caramel_PSXX.jpg",
  "file_name_2": "7715083_2.jpg",
  "image_url_2": "https://sortiment.lidl.ch/media/catalog/product/cache/38c728e59b3a47950872534eff8a1e63/7/7/7715083_Cookies_PSXX.jpg"
},
{
  "_id": {
    "$oid": "66f3a18dd23ade1eec55f929"
  },
  "unique_id": "176126",
  "product_name": "Alu-Kaffeekapseln Cremoso",
  "brand": "Bellarom",
  "regular_price": 3.95,
  "selling_price": 3.95,
  "price_per_unit": "pro 20 Stück",
  "breadcrumb": "Sortiment > Sortiment > Alu-Kaffeekapseln Cremoso",
  "pdp_url": "https://sortiment.lidl.ch/de/alu-kaffeekapseln-cremoso-0176126",
  "product_description": "Artikelnr.: 176126",
  "producthierarchy_level1": "Sortiment",
  "producthierarchy_level2": "Sortiment",
  "producthierarchy_level3": "Alu-Kaffeekapseln Cremoso",
  "producthierarchy_level4": "",
  "producthierarchy_level5": "",
  "producthierarchy_level6": "",
  "producthierarchy_level7": "",
  "currency": "Swiss franc",
  "file_name_1": "176126_1.jpg",
  "image_url_1": "https://sortiment.lidl.ch/media/catalog/product/cache/38c728e59b3a47950872534eff8a1e63/1/7/176126_PSXX.jpg"
},
{
  "_id": {
    "$oid": "66f3a18ed23ade1eec55f92a"
  },
  "unique_id": "38769",
  "product_name": "Tampons",
  "brand": "Siempre",
  "regular_price": 2.49,
  "selling_price": 2.49,
  "price_per_unit": "pro 56 Stück, 64 Stück, 80 Stück | 1 Stk = 0.05, 0.04, 0.04 CHF",
  "breadcrumb": "Sortiment > Sortiment > Tampons",
  "pdp_url": "https://sortiment.lidl.ch/de/tampons-0038769",
  "product_description": "Artikelnr.: 38769",
  "producthierarchy_level1": "Sortiment",
  "producthierarchy_level2": "Sortiment",
  "producthierarchy_level3": "Tampons",
  "producthierarchy_level4": "",
  "producthierarchy_level5": "",
  "producthierarchy_level6": "",
  "producthierarchy_level7": "",
  "currency": "Swiss franc",
  "file_name_1": "38769_1.jpg",
  "image_url_1": "https://sortiment.lidl.ch/media/catalog/product/cache/38c728e59b3a47950872534eff8a1e63/3/8/38769_Mini_PSXX.jpg",
  "file_name_2": "38769_2.jpg",
  "image_url_2": "https://sortiment.lidl.ch/media/catalog/product/cache/38c728e59b3a47950872534eff8a1e63/3/8/38769_Normal_PSXX.jpg",
  "file_name_3": "38769_3.jpg",
  "image_url_3": "https://sortiment.lidl.ch/media/catalog/product/cache/38c728e59b3a47950872534eff8a1e63/3/8/38769_Super_PSXX.jpg"
},
{
  "_id": {
    "$oid": "66f3a190d23ade1eec55f92b"
  },
  "unique_id": "213635",
  "product_name": "Kaugummi",
  "brand": "Jetgum",
  "regular_price": 0.85,
  "selling_price": 0.85,
  "price_per_unit": "pro 70g | 100g = 1.22 CHF",
  "breadcrumb": "Sortiment > Sortiment > Kaugummi",
  "pdp_url": "https://sortiment.lidl.ch/de/kaugummi-0213635",
  "product_description": "Artikelnr.: 213635",
  "producthierarchy_level1": "Sortiment",
  "producthierarchy_level2": "Sortiment",
  "producthierarchy_level3": "Kaugummi",
  "producthierarchy_level4": "",
  "producthierarchy_level5": "",
  "producthierarchy_level6": "",
  "producthierarchy_level7": "",
  "currency": "Swiss franc",
  "file_name_1": "213635_1.jpg",
  "image_url_1": "https://sortiment.lidl.ch/media/catalog/product/cache/38c728e59b3a47950872534eff8a1e63/2/1/213635_Cherry_Ment_PSXX.jpg",
  "file_name_2": "213635_2.jpg",
  "image_url_2": "https://sortiment.lidl.ch/media/catalog/product/cache/38c728e59b3a47950872534eff8a1e63/2/1/213635_Cool_Cassis_PSXX.jpg",
  "file_name_3": "213635_3.jpg",
  "image_url_3": "https://sortiment.lidl.ch/media/catalog/product/cache/38c728e59b3a47950872534eff8a1e63/2/1/213635_Euka_Menthol_PSXX.jpg",
  "file_name_4": "213635_4.jpg",
  "image_url_4": "https://sortiment.lidl.ch/media/catalog/product/cache/38c728e59b3a47950872534eff8a1e63/2/1/213635_Strong_Blue_PSXX.jpg"
},
{
  "_id": {
    "$oid": "66f3a191d23ade1eec55f92c"
  },
  "unique_id": "5112075",
  "product_name": "Grischuna Rohschinken Clean Label",
  "brand": "Grischuna",
  "regular_price": 4.49,
  "selling_price": 4.49,
  "price_per_unit": "pro 100g",
  "breadcrumb": "Sortiment > Sortiment > Grischuna Rohschinken Clean Label",
  "pdp_url": "https://sortiment.lidl.ch/de/grischuna-rohschinken-clean-label-5112075",
  "product_description": "Artikelnr.: 5112075",
  "producthierarchy_level1": "Sortiment",
  "producthierarchy_level2": "Sortiment",
  "producthierarchy_level3": "Grischuna Rohschinken Clean Label",
  "producthierarchy_level4": "",
  "producthierarchy_level5": "",
  "producthierarchy_level6": "",
  "producthierarchy_level7": "",
  "currency": "Swiss franc",
  "file_name_1": "5112075_1.jpg",
  "image_url_1": "https://sortiment.lidl.ch/media/catalog/product/cache/38c728e59b3a47950872534eff8a1e63/5/1/5112075_PSXX.jpg"
},
{
  "_id": {
    "$oid": "66f3a193d23ade1eec55f92d"
  },
  "unique_id": "6003128",
  "product_name": "Stracciatella-Käse",
  "brand": "Italiamo",
  "regular_price": 2.99,
  "selling_price": 2.39,
  "price_per_unit": "pro 200g | 100g = 1.20 CHF",
  "breadcrumb": "Sortiment > Sortiment > Stracciatella-Käse",
  "pdp_url": "https://sortiment.lidl.ch/de/stracciatella-kaese-6003128",
  "product_description": "Artikelnr.: 6003128",
  "producthierarchy_level1": "Sortiment",
  "producthierarchy_level2": "Sortiment",
  "producthierarchy_level3": "Stracciatella-Käse",
  "producthierarchy_level4": "",
  "producthierarchy_level5": "",
  "producthierarchy_level6": "",
  "producthierarchy_level7": "",
  "currency": "Swiss franc",
  "file_name_1": "6003128_1.jpg",
  "image_url_1": "https://sortiment.lidl.ch/media/catalog/product/cache/38c728e59b3a47950872534eff8a1e63/6/0/6003128_PSXX.jpg"
},
{
  "_id": {
    "$oid": "66f3a194d23ade1eec55f92e"
  },
  "unique_id": "168038",
  "product_name": "Joghurt Nur 3 Zutaten",
  "brand": "Milbona",
  "regular_price": 0.75,
  "selling_price": 0.75,
  "price_per_unit": "pro 150g | 100g = 0.50 CHF",
  "breadcrumb": "Sortiment > Sortiment > Joghurt Nur 3 Zutaten",
  "pdp_url": "https://sortiment.lidl.ch/de/joghurt-nur-3-zutaten-0168038",
  "product_description": "Artikelnr.: 168038",
  "producthierarchy_level1": "Sortiment",
  "producthierarchy_level2": "Sortiment",
  "producthierarchy_level3": "Joghurt Nur 3 Zutaten",
  "producthierarchy_level4": "",
  "producthierarchy_level5": "",
  "producthierarchy_level6": "",
  "producthierarchy_level7": "",
  "currency": "Swiss franc",
  "file_name_1": "168038_1.jpg",
  "image_url_1": "https://sortiment.lidl.ch/media/catalog/product/cache/38c728e59b3a47950872534eff8a1e63/1/6/168038_Erdbeere_PSXX.jpg",
  "file_name_2": "168038_2.jpg",
  "image_url_2": "https://sortiment.lidl.ch/media/catalog/product/cache/38c728e59b3a47950872534eff8a1e63/1/6/168038_Heidelbeere_PSXX.jpg",
  "file_name_3": "168038_3.jpg",
  "image_url_3": "https://sortiment.lidl.ch/media/catalog/product/cache/38c728e59b3a47950872534eff8a1e63/1/6/168038_Himbeere_PSXX.jpg",
  "file_name_4": "168038_4.jpg",
  "image_url_4": "https://sortiment.lidl.ch/media/catalog/product/cache/38c728e59b3a47950872534eff8a1e63/1/6/168038_Mango_PSXX.jpg"
},
{
  "_id": {
    "$oid": "66f3a195d23ade1eec55f92f"
  },
  "unique_id": "189724",
  "product_name": "Emmi Caffé Latte double zero",
  "brand": "Emmi",
  "regular_price": 2.39,
  "selling_price": 2.39,
  "price_per_unit": "pro 230ml | 1L = 10.40 CHF",
  "breadcrumb": "Sortiment > Sortiment > Emmi Caffé Latte double zero",
  "pdp_url": "https://sortiment.lidl.ch/de/emmi-caffe-latte-double-zero-0189724",
  "product_description": "Artikelnr.: 189724",
  "producthierarchy_level1": "Sortiment",
  "producthierarchy_level2": "Sortiment",
  "producthierarchy_level3": "Emmi Caffé Latte double zero",
  "producthierarchy_level4": "",
  "producthierarchy_level5": "",
  "producthierarchy_level6": "",
  "producthierarchy_level7": "",
  "currency": "Swiss franc",
  "file_name_1": "189724_1.jpg",
  "image_url_1": "https://sortiment.lidl.ch/media/catalog/product/cache/38c728e59b3a47950872534eff8a1e63/1/8/189724_DoubleZero_PSXX.jpg"
},
{
  "_id": {
    "$oid": "66f3a196d23ade1eec55f930"
  },
  "unique_id": "131186",
  "product_name": "Milchdrink",
  "brand": "Milbona",
  "regular_price": 1.29,
  "selling_price": 1.29,
  "price_per_unit": "pro 500ml | 1L = 2.58 CHF",
  "breadcrumb": "Sortiment > Sortiment > Milchdrink",
  "pdp_url": "https://sortiment.lidl.ch/de/milchdrink-0131186",
  "product_description": "Artikelnr.: 131186",
  "producthierarchy_level1": "Sortiment",
  "producthierarchy_level2": "Sortiment",
  "producthierarchy_level3": "Milchdrink",
  "producthierarchy_level4": "",
  "producthierarchy_level5": "",
  "producthierarchy_level6": "",
  "producthierarchy_level7": "",
  "currency": "Swiss franc",
  "file_name_1": "131186_1.jpg",
  "image_url_1": "https://sortiment.lidl.ch/media/catalog/product/cache/38c728e59b3a47950872534eff8a1e63/1/3/131186_Banane_PSXX.jpg",
  "file_name_2": "131186_2.jpg",
  "image_url_2": "https://sortiment.lidl.ch/media/catalog/product/cache/38c728e59b3a47950872534eff8a1e63/1/3/131186_Erdbeere_PSXX.jpg",
  "file_name_3": "131186_3.jpg",
  "image_url_3": "https://sortiment.lidl.ch/media/catalog/product/cache/38c728e59b3a47950872534eff8a1e63/1/3/131186_Schoko_PSXX.jpg",
  "file_name_4": "131186_4.jpg",
  "image_url_4": "https://sortiment.lidl.ch/media/catalog/product/cache/38c728e59b3a47950872534eff8a1e63/1/3/131186_Vanille_PSXX.jpg"
},
{
  "_id": {
    "$oid": "66f3a197d23ade1eec55f931"
  },
  "unique_id": "197858",
  "product_name": "Amaretto",
  "brand": "Armilar",
  "regular_price": 8.45,
  "selling_price": 8.45,
  "price_per_unit": "pro 0,7l | 1L = 12.08 CHF",
  "breadcrumb": "Sortiment > Sortiment > Amaretto",
  "pdp_url": "https://sortiment.lidl.ch/de/amaretto-0197858",
  "product_description": "Artikelnr.: 197858",
  "producthierarchy_level1": "Sortiment",
  "producthierarchy_level2": "Sortiment",
  "producthierarchy_level3": "Amaretto",
  "producthierarchy_level4": "",
  "producthierarchy_level5": "",
  "producthierarchy_level6": "",
  "producthierarchy_level7": "",
  "currency": "Swiss franc",
  "file_name_1": "197858_1.jpg",
  "image_url_1": "https://sortiment.lidl.ch/media/amasty/amoptmobile/catalog/product/cache/38c728e59b3a47950872534eff8a1e63/1/9/197858_PSXX.jpg"
},
{
  "_id": {
    "$oid": "66f3a198d23ade1eec55f932"
  },
  "unique_id": "161050",
  "product_name": "Premium Vodka",
  "brand": "Superb",
  "regular_price": 16.49,
  "selling_price": 16.49,
  "price_per_unit": "pro 0,7l | 1L = 23.56 CHF",
  "breadcrumb": "Sortiment > Sortiment > Premium Vodka",
  "pdp_url": "https://sortiment.lidl.ch/de/premium-vodka-0161050",
  "product_description": "Artikelnr.: 161050",
  "producthierarchy_level1": "Sortiment",
  "producthierarchy_level2": "Sortiment",
  "producthierarchy_level3": "Premium Vodka",
  "producthierarchy_level4": "",
  "producthierarchy_level5": "",
  "producthierarchy_level6": "",
  "producthierarchy_level7": "",
  "currency": "Swiss franc",
  "file_name_1": "161050_1.jpg",
  "image_url_1": "https://sortiment.lidl.ch/media/catalog/product/cache/38c728e59b3a47950872534eff8a1e63/1/6/161050_PSXX.jpg"
},
{
  "_id": {
    "$oid": "66f3a19ad23ade1eec55f933"
  },
  "unique_id": "5112884",
  "product_name": "Ovomaltine Ovo Break",
  "brand": "Ovomaltine",
  "regular_price": 1.89,
  "selling_price": 1.89,
  "price_per_unit": "pro 39g | 100g = 4.85 CHF",
  "breadcrumb": "Sortiment > Sortiment > Ovomaltine Ovo Break",
  "pdp_url": "https://sortiment.lidl.ch/de/ovomaltine-ovo-break-5112884",
  "product_description": "Artikelnr.: 5112884",
  "producthierarchy_level1": "Sortiment",
  "producthierarchy_level2": "Sortiment",
  "producthierarchy_level3": "Ovomaltine Ovo Break",
  "producthierarchy_level4": "",
  "producthierarchy_level5": "",
  "producthierarchy_level6": "",
  "producthierarchy_level7": "",
  "currency": "Swiss franc",
  "file_name_1": "5112884_1.jpg",
  "image_url_1": "https://sortiment.lidl.ch/media/catalog/product/cache/38c728e59b3a47950872534eff8a1e63/5/1/5112884_PSXX.jpg"
},
{
  "_id": {
    "$oid": "66f3a19cd23ade1eec55f934"
  },
  "unique_id": "192889",
  "product_name": "Dreamies/Whiskas Katzensnack",
  "brand": "Dreamies/Whiskas",
  "regular_price": 6.69,
  "selling_price": 6.69,
  "price_per_unit": "pro 180g | 100g = 3.72 CHF",
  "breadcrumb": "Sortiment > Sortiment > Dreamies/Whiskas Katzensnack",
  "pdp_url": "https://sortiment.lidl.ch/de/dreamies-whiskas-katzensnack-0192889",
  "product_description": "Artikelnr.: 192889",
  "producthierarchy_level1": "Sortiment",
  "producthierarchy_level2": "Sortiment",
  "producthierarchy_level3": "Dreamies/Whiskas Katzensnack",
  "producthierarchy_level4": "",
  "producthierarchy_level5": "",
  "producthierarchy_level6": "",
  "producthierarchy_level7": "",
  "currency": "Swiss franc",
  "file_name_1": "192889_1.jpg",
  "image_url_1": "https://sortiment.lidl.ch/media/catalog/product/cache/38c728e59b3a47950872534eff8a1e63/1/9/192889_Grass_PSXX.jpg",
  "file_name_2": "192889_2.jpg",
  "image_url_2": "https://sortiment.lidl.ch/media/catalog/product/cache/38c728e59b3a47950872534eff8a1e63/1/9/192889_Kaese_PSXX.jpg",
  "file_name_3": "192889_3.jpg",
  "image_url_3": "https://sortiment.lidl.ch/media/catalog/product/cache/38c728e59b3a47950872534eff8a1e63/1/9/192889_Poulet_PSXX.jpg",
  "file_name_4": "192889_4.jpg",
  "image_url_4": "https://sortiment.lidl.ch/media/catalog/product/cache/38c728e59b3a47950872534eff8a1e63/1/9/192889_Whiskas_PSXX.jpg"
},
{
  "_id": {
    "$oid": "66f3a19dd23ade1eec55f935"
  },
  "unique_id": "149930",
  "product_name": "Katzennahrung Mousse/Stückchen",
  "brand": "Coshida Selection",
  "regular_price": 0.49,
  "selling_price": 0.49,
  "price_per_unit": "pro 85g | 100g = 0.58 CHF",
  "breadcrumb": "Sortiment > Sortiment > Katzennahrung Mousse/Stückchen",
  "pdp_url": "https://sortiment.lidl.ch/de/katzennahrung-mousse-stueckchen-0149930",
  "product_description": "Artikelnr.: 149930",
  "producthierarchy_level1": "Sortiment",
  "producthierarchy_level2": "Sortiment",
  "producthierarchy_level3": "Katzennahrung Mousse/Stückchen",
  "producthierarchy_level4": "",
  "producthierarchy_level5": "",
  "producthierarchy_level6": "",
  "producthierarchy_level7": "",
  "currency": "Swiss franc",
  "file_name_1": "149930_1.jpg",
  "image_url_1": "https://sortiment.lidl.ch/media/catalog/product/cache/38c728e59b3a47950872534eff8a1e63/1/4/149930_Forelle_PSXX.jpg",
  "file_name_2": "149930_2.jpg",
  "image_url_2": "https://sortiment.lidl.ch/media/catalog/product/cache/38c728e59b3a47950872534eff8a1e63/1/4/149930_Huhn_Leber_PSXX.jpg",
  "file_name_3": "149930_3.jpg",
  "image_url_3": "https://sortiment.lidl.ch/media/catalog/product/cache/38c728e59b3a47950872534eff8a1e63/1/4/149930_Pute_PSXX.jpg",
  "file_name_4": "149930_4.jpg",
  "image_url_4": "https://sortiment.lidl.ch/media/catalog/product/cache/38c728e59b3a47950872534eff8a1e63/1/4/149930_Rind_PSXX.jpg"
},
{
  "_id": {
    "$oid": "66f3a19fd23ade1eec55f936"
  },
  "unique_id": "1800508",
  "product_name": "Vitte lMineralwasser still",
  "brand": "Vitte",
  "regular_price": 1.15,
  "selling_price": 1.15,
  "price_per_unit": "pro 1,5l | 1L = 0.77 CHF",
  "breadcrumb": "Sortiment > Sortiment > Vitte lMineralwasser still",
  "pdp_url": "https://sortiment.lidl.ch/de/vitte-lmineralwasser-still-1800508",
  "product_description": "Artikelnr.: 1800508",
  "producthierarchy_level1": "Sortiment",
  "producthierarchy_level2": "Sortiment",
  "producthierarchy_level3": "Vitte lMineralwasser still",
  "producthierarchy_level4": "",
  "producthierarchy_level5": "",
  "producthierarchy_level6": "",
  "producthierarchy_level7": "",
  "currency": "Swiss franc",
  "file_name_1": "1800508_1.jpg",
  "image_url_1": "https://sortiment.lidl.ch/media/catalog/product/cache/38c728e59b3a47950872534eff8a1e63/1/8/1800508_Flasche_PSXX.jpg",
  "file_name_2": "1800508_2.jpg",
  "image_url_2": "https://sortiment.lidl.ch/media/catalog/product/cache/38c728e59b3a47950872534eff8a1e63/1/8/1800508_PSXX.jpg"
},
{
  "_id": {
    "$oid": "66f3a1a0d23ade1eec55f937"
  },
  "unique_id": "219279",
  "product_name": "frische Tortelloni",
  "brand": "Chef Select",
  "regular_price": 1.79,
  "selling_price": 1.79,
  "price_per_unit": "pro 400g | 100g = 0.45 CHF",
  "breadcrumb": "Sortiment > Sortiment > frische Tortelloni",
  "pdp_url": "https://sortiment.lidl.ch/de/frische-tortelloni-0219279",
  "product_description": "Artikelnr.: 219279",
  "producthierarchy_level1": "Sortiment",
  "producthierarchy_level2": "Sortiment",
  "producthierarchy_level3": "frische Tortelloni",
  "producthierarchy_level4": "",
  "producthierarchy_level5": "",
  "producthierarchy_level6": "",
  "producthierarchy_level7": "",
  "currency": "Swiss franc",
  "file_name_1": "219279_1.jpg",
  "image_url_1": "https://sortiment.lidl.ch/media/catalog/product/cache/38c728e59b3a47950872534eff8a1e63/2/1/219279_Kaese_PSXX.jpg",
  "file_name_2": "219279_2.jpg",
  "image_url_2": "https://sortiment.lidl.ch/media/catalog/product/cache/38c728e59b3a47950872534eff8a1e63/2/1/219279_Tomate_Mozzarella_PSXX.jpg"
},
{
  "_id": {
    "$oid": "66f3a1a2d23ade1eec55f938"
  },
  "unique_id": "5112041",
  "product_name": "Milchdrink 1.5% UHT",
  "brand": "Milbona",
  "regular_price": 1.49,
  "selling_price": 1.49,
  "price_per_unit": "pro 1000ml",
  "breadcrumb": "Sortiment > Sortiment > Milchdrink 1.5% UHT",
  "pdp_url": "https://sortiment.lidl.ch/de/milchdrink-1-5-uht-5112041",
  "product_description": "Artikelnr.: 5112041",
  "producthierarchy_level1": "Sortiment",
  "producthierarchy_level2": "Sortiment",
  "producthierarchy_level3": "Milchdrink 1.5% UHT",
  "producthierarchy_level4": "",
  "producthierarchy_level5": "",
  "producthierarchy_level6": "",
  "producthierarchy_level7": "",
  "currency": "Swiss franc",
  "file_name_1": "5112041_1.jpg",
  "image_url_1": "https://sortiment.lidl.ch/media/catalog/product/cache/38c728e59b3a47950872534eff8a1e63/5/1/5112041_PSXX.jpg"
},
{
  "_id": {
    "$oid": "66f3a1a3d23ade1eec55f939"
  },
  "unique_id": "5106969",
  "product_name": "Focus Water Active",
  "brand": "",
  "regular_price": 11.95,
  "selling_price": 11.95,
  "price_per_unit": "pro 6x0,5l | 1L = 3.99 CHF",
  "breadcrumb": "Sortiment > Sortiment > Focus Water Active",
  "pdp_url": "https://sortiment.lidl.ch/de/focus-water-active-5106969",
  "product_description": "Artikelnr.: 5106969 *Konkurrenzvergleich:  31.07.2024",
  "producthierarchy_level1": "Sortiment",
  "producthierarchy_level2": "Sortiment",
  "producthierarchy_level3": "Focus Water Active",
  "producthierarchy_level4": "",
  "producthierarchy_level5": "",
  "producthierarchy_level6": "",
  "producthierarchy_level7": "",
  "currency": "Swiss franc",
  "file_name_1": "5106969_1.jpg",
  "image_url_1": "https://sortiment.lidl.ch/media/catalog/product/cache/38c728e59b3a47950872534eff8a1e63/5/1/5106969_Active_PSXX.jpg"
},
{
  "_id": {
    "$oid": "66f3a1a4d23ade1eec55f93a"
  },
  "unique_id": "5106971",
  "product_name": "Focus Water Care Pink Ribbon",
  "brand": "",
  "regular_price": 11.95,
  "selling_price": 11.95,
  "price_per_unit": "pro 6x0,5l | 1L = 3.99 CHF",
  "breadcrumb": "Sortiment > Sortiment > Focus Water Care Pink Ribbon",
  "pdp_url": "https://sortiment.lidl.ch/de/focus-water-care-pink-ribbon-5106971",
  "product_description": "Artikelnr.: 5106971 *Konkurrenzvergleich:  31.07.2024",
  "producthierarchy_level1": "Sortiment",
  "producthierarchy_level2": "Sortiment",
  "producthierarchy_level3": "Focus Water Care Pink Ribbon",
  "producthierarchy_level4": "",
  "producthierarchy_level5": "",
  "producthierarchy_level6": "",
  "producthierarchy_level7": "",
  "currency": "Swiss franc",
  "file_name_1": "5106971_1.jpg",
  "image_url_1": "https://sortiment.lidl.ch/media/catalog/product/cache/38c728e59b3a47950872534eff8a1e63/5/1/5106971_Care_PSXX.jpg"
},
{
  "_id": {
    "$oid": "66f3a1a6d23ade1eec55f93b"
  },
  "unique_id": "5112519",
  "product_name": "Feldschlösschen Bier Pils",
  "brand": "Feldschlösschen",
  "regular_price": 11.95,
  "selling_price": 8.95,
  "price_per_unit": "pro 6x0,5l | 1L = 2.99 CHF",
  "breadcrumb": "Sortiment > Sortiment > Feldschlösschen Bier Pils",
  "pdp_url": "https://sortiment.lidl.ch/de/feldschloesschen-bier-pils-5112519",
  "product_description": "Artikelnr.: 5112519",
  "producthierarchy_level1": "Sortiment",
  "producthierarchy_level2": "Sortiment",
  "producthierarchy_level3": "Feldschlösschen Bier Pils",
  "producthierarchy_level4": "",
  "producthierarchy_level5": "",
  "producthierarchy_level6": "",
  "producthierarchy_level7": "",
  "currency": "Swiss franc",
  "file_name_1": "5112519_1.jpg",
  "image_url_1": "https://sortiment.lidl.ch/media/catalog/product/cache/38c728e59b3a47950872534eff8a1e63/5/1/5112519_6er_Pack_PSXX.jpg",
  "file_name_2": "5112519_2.jpg",
  "image_url_2": "https://sortiment.lidl.ch/media/catalog/product/cache/38c728e59b3a47950872534eff8a1e63/5/1/5112519_Einzeldose_PSXX.jpg"
},
{
  "_id": {
    "$oid": "66f3a1a7d23ade1eec55f93c"
  },
  "unique_id": "190540",
  "product_name": "London Dry Gin Five Botanicals",
  "brand": "Hampstead",
  "regular_price": 15.99,
  "selling_price": 15.99,
  "price_per_unit": "pro 0,7l | 1L = 22.85 CHF",
  "breadcrumb": "Sortiment > Sortiment > London Dry Gin Five Botanicals",
  "pdp_url": "https://sortiment.lidl.ch/de/london-dry-gin-five-botanicals-0190540",
  "product_description": "Artikelnr.: 190540",
  "producthierarchy_level1": "Sortiment",
  "producthierarchy_level2": "Sortiment",
  "producthierarchy_level3": "London Dry Gin Five Botanicals",
  "producthierarchy_level4": "",
  "producthierarchy_level5": "",
  "producthierarchy_level6": "",
  "producthierarchy_level7": "",
  "currency": "Swiss franc",
  "file_name_1": "190540_1.jpg",
  "image_url_1": "https://sortiment.lidl.ch/media/catalog/product/cache/38c728e59b3a47950872534eff8a1e63/1/9/190540_PSXX.jpg"
},
{
  "_id": {
    "$oid": "66f3a1a9d23ade1eec55f93d"
  },
  "unique_id": "5109750",
  "product_name": "eloon Nasenspray Meerwasser",
  "brand": "eloon",
  "regular_price": 3.95,
  "selling_price": 3.95,
  "price_per_unit": "pro 20ml | 1L = 197.50 CHF",
  "breadcrumb": "Sortiment > Sortiment > eloon Nasenspray Meerwasser",
  "pdp_url": "https://sortiment.lidl.ch/de/eloon-nasenspray-meerwasser-5109750",
  "product_description": "Artikelnr.: 5109750",
  "producthierarchy_level1": "Sortiment",
  "producthierarchy_level2": "Sortiment",
  "producthierarchy_level3": "eloon Nasenspray Meerwasser",
  "producthierarchy_level4": "",
  "producthierarchy_level5": "",
  "producthierarchy_level6": "",
  "producthierarchy_level7": "",
  "currency": "Swiss franc",
  "file_name_1": "5109750_1.jpg",
  "image_url_1": "https://sortiment.lidl.ch/media/catalog/product/cache/38c728e59b3a47950872534eff8a1e63/5/1/5109750_Meerwasser_PSXX.jpg"
},
{
  "_id": {
    "$oid": "66f3a1aad23ade1eec55f93e"
  },
  "unique_id": "193805",
  "product_name": "MSC Weisser Thunfisch",
  "brand": "Nixe",
  "regular_price": 2.59,
  "selling_price": 2.59,
  "price_per_unit": "pro 200g | 100g = 1.30 CHF",
  "breadcrumb": "Sortiment > Sortiment > MSC Weisser Thunfisch",
  "pdp_url": "https://sortiment.lidl.ch/de/msc-weisser-thunfisch-0193805",
  "product_description": "Artikelnr.: 193805",
  "producthierarchy_level1": "Sortiment",
  "producthierarchy_level2": "Sortiment",
  "producthierarchy_level3": "MSC Weisser Thunfisch",
  "producthierarchy_level4": "",
  "producthierarchy_level5": "",
  "producthierarchy_level6": "",
  "producthierarchy_level7": "",
  "currency": "Swiss franc",
  "file_name_1": "193805_1.jpg",
  "image_url_1": "https://sortiment.lidl.ch/media/catalog/product/cache/38c728e59b3a47950872534eff8a1e63/1/9/193805_PSXX.jpg"
},
{
  "_id": {
    "$oid": "66f3a1abd23ade1eec55f93f"
  },
  "unique_id": "138477",
  "product_name": "MSC Thunfisch in Sonnenblumenöl",
  "brand": "Nixe",
  "regular_price": 1.55,
  "selling_price": 1.55,
  "price_per_unit": "pro 160g Abtropfgewicht | 100g = 0.97 CHF",
  "breadcrumb": "Sortiment > Sortiment > MSC Thunfisch in Sonnenblumenöl",
  "pdp_url": "https://sortiment.lidl.ch/de/msc-thunfisch-in-sonnenblumenoel-0138477",
  "product_description": "Artikelnr.: 138477",
  "producthierarchy_level1": "Sortiment",
  "producthierarchy_level2": "Sortiment",
  "producthierarchy_level3": "MSC Thunfisch in Sonnenblumenöl",
  "producthierarchy_level4": "",
  "producthierarchy_level5": "",
  "producthierarchy_level6": "",
  "producthierarchy_level7": "",
  "currency": "Swiss franc",
  "file_name_1": "138477_1.jpg",
  "image_url_1": "https://sortiment.lidl.ch/media/catalog/product/cache/38c728e59b3a47950872534eff8a1e63/1/3/138477_PSXX.jpg"
},
{
  "_id": {
    "$oid": "66f3a1add23ade1eec55f940"
  },
  "unique_id": "5112649",
  "product_name": "Sabo Olivenöl Extra Vergine",
  "brand": "Sabo",
  "regular_price": 9.99,
  "selling_price": 7.99,
  "price_per_unit": "pro 1l",
  "breadcrumb": "Sortiment > Sortiment > Sabo Olivenöl Extra Vergine",
  "pdp_url": "https://sortiment.lidl.ch/de/sabo-olivenoel-extra-vergine-5112649",
  "product_description": "Artikelnr.: 5112649",
  "producthierarchy_level1": "Sortiment",
  "producthierarchy_level2": "Sortiment",
  "producthierarchy_level3": "Sabo Olivenöl Extra Vergine",
  "producthierarchy_level4": "",
  "producthierarchy_level5": "",
  "producthierarchy_level6": "",
  "producthierarchy_level7": "",
  "currency": "Swiss franc",
  "file_name_1": "5112649_1.jpg",
  "image_url_1": "https://sortiment.lidl.ch/media/catalog/product/cache/38c728e59b3a47950872534eff8a1e63/5/1/5112649_PSXX.jpg"
},
{
  "_id": {
    "$oid": "66f3a1aed23ade1eec55f941"
  },
  "unique_id": "210659",
  "product_name": "Men Duschgel & Shampoo 3in1",
  "brand": "Cien",
  "regular_price": 1.59,
  "selling_price": 1.59,
  "price_per_unit": "pro 400ml | 100ML = 0.40 CHF",
  "breadcrumb": "Sortiment > Sortiment > Men Duschgel & Shampoo 3in1",
  "pdp_url": "https://sortiment.lidl.ch/de/men-duschgel-shampoo-3in1-0210659",
  "product_description": "Artikelnr.: 210659",
  "producthierarchy_level1": "Sortiment",
  "producthierarchy_level2": "Sortiment",
  "producthierarchy_level3": "Men Duschgel & Shampoo 3in1",
  "producthierarchy_level4": "",
  "producthierarchy_level5": "",
  "producthierarchy_level6": "",
  "producthierarchy_level7": "",
  "currency": "Swiss franc",
  "file_name_1": "210659_1.jpg",
  "image_url_1": "https://sortiment.lidl.ch/media/catalog/product/cache/38c728e59b3a47950872534eff8a1e63/2/1/210659_PolarFresh_PSXX.jpg",
  "file_name_2": "210659_2.jpg",
  "image_url_2": "https://sortiment.lidl.ch/media/catalog/product/cache/38c728e59b3a47950872534eff8a1e63/2/1/210659_Seduction_PSXX.jpg"
},
{
  "_id": {
    "$oid": "66f3a1afd23ade1eec55f942"
  },
  "unique_id": "200201",
  "product_name": "High Protein Griesspudding",
  "brand": "Milbona",
  "regular_price": 2.99,
  "selling_price": 2.99,
  "price_per_unit": "pro 500g | 100g = 0.60 CHF",
  "breadcrumb": "Sortiment > Sortiment > High Protein Griesspudding",
  "pdp_url": "https://sortiment.lidl.ch/de/high-protein-griesspudding-0200201",
  "product_description": "Artikelnr.: 200201",
  "producthierarchy_level1": "Sortiment",
  "producthierarchy_level2": "Sortiment",
  "producthierarchy_level3": "High Protein Griesspudding",
  "producthierarchy_level4": "",
  "producthierarchy_level5": "",
  "producthierarchy_level6": "",
  "producthierarchy_level7": "",
  "currency": "Swiss franc",
  "file_name_1": "200201_1.jpg",
  "image_url_1": "https://sortiment.lidl.ch/media/catalog/product/cache/38c728e59b3a47950872534eff8a1e63/2/0/200201_Pur_PSXX.jpg",
  "file_name_2": "200201_2.jpg",
  "image_url_2": "https://sortiment.lidl.ch/media/catalog/product/cache/38c728e59b3a47950872534eff8a1e63/2/0/200201_Schoko_PSXX.jpg",
  "file_name_3": "200201_3.jpg",
  "image_url_3": "https://sortiment.lidl.ch/media/catalog/product/cache/38c728e59b3a47950872534eff8a1e63/2/0/200201_Zimt_PSXX.jpg"
},
{
  "_id": {
    "$oid": "66f3a1b0d23ade1eec55f943"
  },
  "unique_id": "5111998",
  "product_name": "Schweizer Pic-Nic Eier",
  "brand": "BIO Organic",
  "regular_price": 3.95,
  "selling_price": 3.95,
  "price_per_unit": "pro 4 Stück | 1 Stk = 0.99 CHF",
  "breadcrumb": "Sortiment > Sortiment > Schweizer Pic-Nic Eier",
  "pdp_url": "https://sortiment.lidl.ch/de/schweizer-pic-nic-eier-5111998",
  "product_description": "Artikelnr.: 5111998",
  "producthierarchy_level1": "Sortiment",
  "producthierarchy_level2": "Sortiment",
  "producthierarchy_level3": "Schweizer Pic-Nic Eier",
  "producthierarchy_level4": "",
  "producthierarchy_level5": "",
  "producthierarchy_level6": "",
  "producthierarchy_level7": "",
  "currency": "Swiss franc",
  "file_name_1": "5111998_1.jpg",
  "image_url_1": "https://sortiment.lidl.ch/media/catalog/product/cache/38c728e59b3a47950872534eff8a1e63/5/1/5111998_Bio_Schweizer_Picnic_Front_PSXX.jpg",
  "file_name_2": "5111998_2.jpg",
  "image_url_2": "https://sortiment.lidl.ch/media/catalog/product/cache/38c728e59b3a47950872534eff8a1e63/5/1/5111998_Bio_Schweizer_Picnic_PSXX.jpg"
},
{
  "_id": {
    "$oid": "66f3a1b2d23ade1eec55f944"
  },
  "unique_id": "5111893",
  "product_name": "Reese's Minis Peanut Butter Cups",
  "brand": "Reese's",
  "regular_price": 3.89,
  "selling_price": 3.89,
  "price_per_unit": "pro 90g | 100g = 4.33 CHF",
  "breadcrumb": "Sortiment > Sortiment > Reese's Minis Peanut Butter Cups",
  "pdp_url": "https://sortiment.lidl.ch/de/reese-s-minis-peanut-butter-cups-5111893",
  "product_description": "Artikelnr.: 5111893",
  "producthierarchy_level1": "Sortiment",
  "producthierarchy_level2": "Sortiment",
  "producthierarchy_level3": "Reese's Minis Peanut Butter Cups",
  "producthierarchy_level4": "",
  "producthierarchy_level5": "",
  "producthierarchy_level6": "",
  "producthierarchy_level7": "",
  "currency": "Swiss franc",
  "file_name_1": "5111893_1.jpg",
  "image_url_1": "https://sortiment.lidl.ch/media/catalog/product/cache/38c728e59b3a47950872534eff8a1e63/5/1/5111893_PSXX.jpg"
},
{
  "_id": {
    "$oid": "66f3a1b3d23ade1eec55f945"
  },
  "unique_id": "172556",
  "product_name": "ASC White Tiger Crevetten",
  "brand": "Fisher's Choice",
  "regular_price": 3.99,
  "selling_price": 3.99,
  "price_per_unit": "pro 150g | 100g = 2.66 CHF",
  "breadcrumb": "Sortiment > Sortiment > ASC White Tiger Crevetten",
  "pdp_url": "https://sortiment.lidl.ch/de/asc-white-tiger-crevetten-0172556",
  "product_description": "Artikelnr.: 172556",
  "producthierarchy_level1": "Sortiment",
  "producthierarchy_level2": "Sortiment",
  "producthierarchy_level3": "ASC White Tiger Crevetten",
  "producthierarchy_level4": "",
  "producthierarchy_level5": "",
  "producthierarchy_level6": "",
  "producthierarchy_level7": "",
  "currency": "Swiss franc",
  "file_name_1": "172556_1.jpg",
  "image_url_1": "https://sortiment.lidl.ch/media/catalog/product/cache/38c728e59b3a47950872534eff8a1e63/1/7/172556_Chili_PSXX.jpg",
  "file_name_2": "172556_2.jpg",
  "image_url_2": "https://sortiment.lidl.ch/media/catalog/product/cache/38c728e59b3a47950872534eff8a1e63/1/7/172556_Knoblauch_PSXX.jpg"
},
{
  "_id": {
    "$oid": "66f3a1b5d23ade1eec55f946"
  },
  "unique_id": "5112227",
  "product_name": "Pouletbrust paniert",
  "brand": "Chef Select",
  "regular_price": 12.99,
  "selling_price": 12.99,
  "price_per_unit": "pro 1000g",
  "breadcrumb": "Sortiment > Sortiment > Pouletbrust paniert",
  "pdp_url": "https://sortiment.lidl.ch/de/pouletbrust-paniert-5112227",
  "product_description": "Artikelnr.: 5112227",
  "producthierarchy_level1": "Sortiment",
  "producthierarchy_level2": "Sortiment",
  "producthierarchy_level3": "Pouletbrust paniert",
  "producthierarchy_level4": "",
  "producthierarchy_level5": "",
  "producthierarchy_level6": "",
  "producthierarchy_level7": "",
  "currency": "Swiss franc",
  "file_name_1": "5112227_1.jpg",
  "image_url_1": "https://sortiment.lidl.ch/media/catalog/product/cache/38c728e59b3a47950872534eff8a1e63/5/1/5112227_PSXX.jpg"
},
{
  "_id": {
    "$oid": "66f3a1b6d23ade1eec55f947"
  },
  "unique_id": "133438",
  "product_name": "Babyfeuchttücher sensitiv",
  "brand": "Lupilu",
  "regular_price": 4.99,
  "selling_price": 4.99,
  "price_per_unit": "pro 4x80 Stück | 1 Stk = 0.02 CHF",
  "breadcrumb": "Sortiment > Sortiment > Babyfeuchttücher sensitiv",
  "pdp_url": "https://sortiment.lidl.ch/de/babyfeuchttuecher-sensitiv-0133438",
  "product_description": "Artikelnr.: 133438",
  "producthierarchy_level1": "Sortiment",
  "producthierarchy_level2": "Sortiment",
  "producthierarchy_level3": "Babyfeuchttücher sensitiv",
  "producthierarchy_level4": "",
  "producthierarchy_level5": "",
  "producthierarchy_level6": "",
  "producthierarchy_level7": "",
  "currency": "Swiss franc",
  "file_name_1": "133438_1.jpg",
  "image_url_1": "https://sortiment.lidl.ch/media/amasty/amoptmobile/catalog/product/cache/38c728e59b3a47950872534eff8a1e63/1/3/133438_PSXX.jpg"
},
{
  "_id": {
    "$oid": "66f3a1b7d23ade1eec55f948"
  },
  "unique_id": "195191",
  "product_name": "Hygiene-Einlage normal",
  "brand": "Siempre",
  "regular_price": 2.49,
  "selling_price": 2.49,
  "price_per_unit": "pro 28 Stück | 1 Stk = 0.09 CHF",
  "breadcrumb": "Sortiment > Sortiment > Hygiene-Einlage normal",
  "pdp_url": "https://sortiment.lidl.ch/de/hygiene-einlage-normal-0195191",
  "product_description": "Artikelnr.: 195191",
  "producthierarchy_level1": "Sortiment",
  "producthierarchy_level2": "Sortiment",
  "producthierarchy_level3": "Hygiene-Einlage normal",
  "producthierarchy_level4": "",
  "producthierarchy_level5": "",
  "producthierarchy_level6": "",
  "producthierarchy_level7": "",
  "currency": "Swiss franc",
  "file_name_1": "195191_1.jpg",
  "image_url_1": "https://sortiment.lidl.ch/media/catalog/product/cache/38c728e59b3a47950872534eff8a1e63/1/9/195191_PSXX.jpg"
},
{
  "_id": {
    "$oid": "66f3a1b8d23ade1eec55f949"
  },
  "unique_id": "192518",
  "product_name": "Fruchtgummi",
  "brand": "Sweet Corner",
  "regular_price": 0.99,
  "selling_price": 0.99,
  "price_per_unit": "pro 200g | 100g = 0.50 CHF",
  "breadcrumb": "Sortiment > Sortiment > Fruchtgummi",
  "pdp_url": "https://sortiment.lidl.ch/de/fruchtgummi-0192518",
  "product_description": "Artikelnr.: 192518",
  "producthierarchy_level1": "Sortiment",
  "producthierarchy_level2": "Sortiment",
  "producthierarchy_level3": "Fruchtgummi",
  "producthierarchy_level4": "",
  "producthierarchy_level5": "",
  "producthierarchy_level6": "",
  "producthierarchy_level7": "",
  "currency": "Swiss franc",
  "file_name_1": "192518_1.jpg",
  "image_url_1": "https://sortiment.lidl.ch/media/amasty/amoptmobile/catalog/product/cache/38c728e59b3a47950872534eff8a1e63/1/9/192518_PSXX.jpg"
},
{
  "_id": {
    "$oid": "66f3a1bad23ade1eec55f94a"
  },
  "unique_id": "206816",
  "product_name": "Zinfandel Rosé",
  "brand": "Cimarosa",
  "regular_price": 4.49,
  "selling_price": 4.49,
  "price_per_unit": "pro 0,75l | 100ML = 0.60 CHF",
  "breadcrumb": "Sortiment > Sortiment > Zinfandel Rosé",
  "pdp_url": "https://sortiment.lidl.ch/de/zinfandel-rose-0206816",
  "product_description": "Artikelnr.: 206816",
  "producthierarchy_level1": "Sortiment",
  "producthierarchy_level2": "Sortiment",
  "producthierarchy_level3": "Zinfandel Rosé",
  "producthierarchy_level4": "",
  "producthierarchy_level5": "",
  "producthierarchy_level6": "",
  "producthierarchy_level7": "",
  "currency": "Swiss franc",
  "file_name_1": "206816_1.jpg",
  "image_url_1": "https://sortiment.lidl.ch/media/catalog/product/cache/38c728e59b3a47950872534eff8a1e63/2/0/206816_PSWE.jpg"
},
{
  "_id": {
    "$oid": "66f3a1bbd23ade1eec55f94b"
  },
  "unique_id": "6017327",
  "product_name": "Bio Mini Mozz. di Bufala DOP",
  "brand": "Milbona",
  "regular_price": 2.99,
  "selling_price": 2.99,
  "price_per_unit": "pro 125g | 100g = 2.40 CHF",
  "breadcrumb": "Sortiment > Sortiment > Bio Mini Mozz. di Bufala DOP",
  "pdp_url": "https://sortiment.lidl.ch/de/bio-mini-mozz-di-bufala-dop-6017327",
  "product_description": "Artikelnr.: 6017327",
  "producthierarchy_level1": "Sortiment",
  "producthierarchy_level2": "Sortiment",
  "producthierarchy_level3": "Bio Mini Mozz. di Bufala DOP",
  "producthierarchy_level4": "",
  "producthierarchy_level5": "",
  "producthierarchy_level6": "",
  "producthierarchy_level7": "",
  "currency": "Swiss franc",
  "file_name_1": "6017327_1.jpg",
  "image_url_1": "https://sortiment.lidl.ch/media/catalog/product/cache/38c728e59b3a47950872534eff8a1e63/6/0/6017327_PSXX.jpg"
},
{
  "_id": {
    "$oid": "66f3a1bcd23ade1eec55f94c"
  },
  "unique_id": "202535",
  "product_name": "Bio Haferdrink",
  "brand": "Vemondo",
  "regular_price": 1.75,
  "selling_price": 1.75,
  "price_per_unit": "pro 1l",
  "breadcrumb": "Sortiment > Sortiment > Bio Haferdrink",
  "pdp_url": "https://sortiment.lidl.ch/de/bio-haferdrink-0202535",
  "product_description": "Artikelnr.: 202535",
  "producthierarchy_level1": "Sortiment",
  "producthierarchy_level2": "Sortiment",
  "producthierarchy_level3": "Bio Haferdrink",
  "producthierarchy_level4": "",
  "producthierarchy_level5": "",
  "producthierarchy_level6": "",
  "producthierarchy_level7": "",
  "currency": "Swiss franc",
  "file_name_1": "202535_1.jpg",
  "image_url_1": "https://sortiment.lidl.ch/media/catalog/product/cache/38c728e59b3a47950872534eff8a1e63/2/0/202535_Kolli_PSXX.jpg",
  "file_name_2": "202535_2.jpg",
  "image_url_2": "https://sortiment.lidl.ch/media/catalog/product/cache/38c728e59b3a47950872534eff8a1e63/2/0/202535_PSXX.jpg"
},
{
  "_id": {
    "$oid": "66f3a1bdd23ade1eec55f94d"
  },
  "unique_id": "7701090",
  "product_name": "Bürger Schwäbische Maultaschen",
  "brand": "",
  "regular_price": 2.99,
  "selling_price": 2.99,
  "price_per_unit": "pro 360g | 100g = 0.84 CHF",
  "breadcrumb": "Sortiment > Sortiment > Bürger Schwäbische Maultaschen",
  "pdp_url": "https://sortiment.lidl.ch/de/buerger-schwaebische-maultaschen-7701090",
  "product_description": "Artikelnr.: 7701090",
  "producthierarchy_level1": "Sortiment",
  "producthierarchy_level2": "Sortiment",
  "producthierarchy_level3": "Bürger Schwäbische Maultaschen",
  "producthierarchy_level4": "",
  "producthierarchy_level5": "",
  "producthierarchy_level6": "",
  "producthierarchy_level7": "",
  "currency": "Swiss franc",
  "file_name_1": "7701090_1.jpg",
  "image_url_1": "https://sortiment.lidl.ch/media/catalog/product/cache/38c728e59b3a47950872534eff8a1e63/7/7/7701090_PSXX.jpg"
},
{
  "_id": {
    "$oid": "66f3a1bfd23ade1eec55f94e"
  },
  "unique_id": "201024",
  "product_name": "Guacamole",
  "brand": "Chef Select",
  "regular_price": 2.39,
  "selling_price": 2.39,
  "price_per_unit": "pro 150g | 100g = 1.60 CHF",
  "breadcrumb": "Sortiment > Sortiment > Guacamole",
  "pdp_url": "https://sortiment.lidl.ch/de/guacamole-0201024",
  "product_description": "Artikelnr.: 201024",
  "producthierarchy_level1": "Sortiment",
  "producthierarchy_level2": "Sortiment",
  "producthierarchy_level3": "Guacamole",
  "producthierarchy_level4": "",
  "producthierarchy_level5": "",
  "producthierarchy_level6": "",
  "producthierarchy_level7": "",
  "currency": "Swiss franc",
  "file_name_1": "201024_1.jpg",
  "image_url_1": "https://sortiment.lidl.ch/media/catalog/product/cache/38c728e59b3a47950872534eff8a1e63/2/0/201024_Mild_PSXX.jpg",
  "file_name_2": "201024_2.jpg",
  "image_url_2": "https://sortiment.lidl.ch/media/catalog/product/cache/38c728e59b3a47950872534eff8a1e63/2/0/201024_Pikant_PSXX.jpg"
},
{
  "_id": {
    "$oid": "66f3a1c0d23ade1eec55f94f"
  },
  "unique_id": "6000496",
  "product_name": "Mascarpone e Gorgonzola",
  "brand": "Italiamo",
  "regular_price": 3.99,
  "selling_price": 3.19,
  "price_per_unit": "pro 200g | 100g = 1.60 CHF",
  "breadcrumb": "Sortiment > Sortiment > Mascarpone e Gorgonzola",
  "pdp_url": "https://sortiment.lidl.ch/de/mascarpone-e-gorgonzola-6000496",
  "product_description": "Artikelnr.: 6000496",
  "producthierarchy_level1": "Sortiment",
  "producthierarchy_level2": "Sortiment",
  "producthierarchy_level3": "Mascarpone e Gorgonzola",
  "producthierarchy_level4": "",
  "producthierarchy_level5": "",
  "producthierarchy_level6": "",
  "producthierarchy_level7": "",
  "currency": "Swiss franc",
  "file_name_1": "6000496_1.jpg",
  "image_url_1": "https://sortiment.lidl.ch/media/catalog/product/cache/38c728e59b3a47950872534eff8a1e63/6/0/6000496_FKBF.jpg",
  "file_name_2": "6000496_2.jpg",
  "image_url_2": "https://sortiment.lidl.ch/media/catalog/product/cache/38c728e59b3a47950872534eff8a1e63/6/0/6000496_PSXX.jpg"
},
{
  "_id": {
    "$oid": "66f3a1c1d23ade1eec55f950"
  },
  "unique_id": "186063",
  "product_name": "Bio Ginger Shot Mango-Lime",
  "brand": "Solevita",
  "regular_price": 1.69,
  "selling_price": 1.69,
  "price_per_unit": "pro 150ml | 100ML = 1.13 CHF",
  "breadcrumb": "Sortiment > Sortiment > Bio Ginger Shot Mango-Lime",
  "pdp_url": "https://sortiment.lidl.ch/de/bio-ginger-shot-mango-lime-0186063",
  "product_description": "Artikelnr.: 186063",
  "producthierarchy_level1": "Sortiment",
  "producthierarchy_level2": "Sortiment",
  "producthierarchy_level3": "Bio Ginger Shot Mango-Lime",
  "producthierarchy_level4": "",
  "producthierarchy_level5": "",
  "producthierarchy_level6": "",
  "producthierarchy_level7": "",
  "currency": "Swiss franc",
  "file_name_1": "186063_1.jpg",
  "image_url_1": "https://sortiment.lidl.ch/media/catalog/product/cache/38c728e59b3a47950872534eff8a1e63/1/8/186063_PSXX.jpg"
},
{
  "_id": {
    "$oid": "66f3a1c3d23ade1eec55f951"
  },
  "unique_id": "5112420",
  "product_name": "Prosciutto Cotto alta qualità",
  "brand": "Deluxe",
  "regular_price": 4.99,
  "selling_price": 4.99,
  "price_per_unit": "pro 90g | 100g = 5.55 CHF",
  "breadcrumb": "Sortiment > Sortiment > Prosciutto Cotto alta qualità",
  "pdp_url": "https://sortiment.lidl.ch/de/prosciutto-cotto-alta-qualit-5112420",
  "product_description": "Artikelnr.: 5112420",
  "producthierarchy_level1": "Sortiment",
  "producthierarchy_level2": "Sortiment",
  "producthierarchy_level3": "Prosciutto Cotto alta qualità",
  "producthierarchy_level4": "",
  "producthierarchy_level5": "",
  "producthierarchy_level6": "",
  "producthierarchy_level7": "",
  "currency": "Swiss franc",
  "file_name_1": "5112420_1.jpg",
  "image_url_1": "https://sortiment.lidl.ch/media/catalog/product/cache/38c728e59b3a47950872534eff8a1e63/5/1/5112420_FKBF.jpg",
  "file_name_2": "5112420_2.jpg",
  "image_url_2": "https://sortiment.lidl.ch/media/catalog/product/cache/38c728e59b3a47950872534eff8a1e63/5/1/5112420_PSXX.jpg"
},
{
  "_id": {
    "$oid": "66f3a1c4d23ade1eec55f952"
  },
  "unique_id": "6612566",
  "product_name": "Premium Eisbecher",
  "brand": "Gelatelli",
  "regular_price": 3.99,
  "selling_price": 3.99,
  "price_per_unit": "pro 500ml | 100ML = 0.80 CHF",
  "breadcrumb": "Sortiment > Sortiment > Premium Eisbecher",
  "pdp_url": "https://sortiment.lidl.ch/de/premium-eisbecher-6612566",
  "product_description": "Artikelnr.: 6612566",
  "producthierarchy_level1": "Sortiment",
  "producthierarchy_level2": "Sortiment",
  "producthierarchy_level3": "Premium Eisbecher",
  "producthierarchy_level4": "",
  "producthierarchy_level5": "",
  "producthierarchy_level6": "",
  "producthierarchy_level7": "",
  "currency": "Swiss franc",
  "file_name_1": "6612566_1.jpg",
  "image_url_1": "https://sortiment.lidl.ch/media/catalog/product/cache/38c728e59b3a47950872534eff8a1e63/6/6/6612566_CookiesCream_PSXX.jpg",
  "file_name_2": "6612566_2.jpg",
  "image_url_2": "https://sortiment.lidl.ch/media/catalog/product/cache/38c728e59b3a47950872534eff8a1e63/6/6/6612566_MacadamiaNoot_PSXX.jpg",
  "file_name_3": "6612566_3.jpg",
  "image_url_3": "https://sortiment.lidl.ch/media/catalog/product/cache/38c728e59b3a47950872534eff8a1e63/6/6/6612566_Salted_Caramel_PSXX.jpg",
  "file_name_4": "6612566_4.jpg",
  "image_url_4": "https://sortiment.lidl.ch/media/catalog/product/cache/38c728e59b3a47950872534eff8a1e63/6/6/6612566_Vanille_CaramelBrownie_PSXX.jpg",
  "file_name_5": "6612566_5.jpg",
  "image_url_5": "https://sortiment.lidl.ch/media/catalog/product/cache/38c728e59b3a47950872534eff8a1e63/6/6/6612566_Vanille_PSXX.jpg"
},
{
  "_id": {
    "$oid": "66f3a1c6d23ade1eec55f953"
  },
  "unique_id": "195192",
  "product_name": "Hygiene-Einlage extra",
  "brand": "Siempre",
  "regular_price": 2.49,
  "selling_price": 2.49,
  "price_per_unit": "pro 24 Stück | 1 Stk = 0.11 CHF",
  "breadcrumb": "Sortiment > Sortiment > Hygiene-Einlage extra",
  "pdp_url": "https://sortiment.lidl.ch/de/hygiene-einlage-extra-0195192",
  "product_description": "Artikelnr.: 195192",
  "producthierarchy_level1": "Sortiment",
  "producthierarchy_level2": "Sortiment",
  "producthierarchy_level3": "Hygiene-Einlage extra",
  "producthierarchy_level4": "",
  "producthierarchy_level5": "",
  "producthierarchy_level6": "",
  "producthierarchy_level7": "",
  "currency": "Swiss franc",
  "file_name_1": "195192_1.jpg",
  "image_url_1": "https://sortiment.lidl.ch/media/catalog/product/cache/38c728e59b3a47950872534eff8a1e63/1/9/195192_PSXX.jpg"
},
{
  "_id": {
    "$oid": "66f3a1c8d23ade1eec55f954"
  },
  "unique_id": "5100550",
  "product_name": "Emmentaler AOP gerieben",
  "brand": "Fromani",
  "regular_price": 3.59,
  "selling_price": 3.59,
  "price_per_unit": "pro 250g | 100g = 1.44 CHF",
  "breadcrumb": "Sortiment > Sortiment > Emmentaler AOP gerieben",
  "pdp_url": "https://sortiment.lidl.ch/de/emmentaler-aop-gerieben-5100550",
  "product_description": "Artikelnr.: 5100550",
  "producthierarchy_level1": "Sortiment",
  "producthierarchy_level2": "Sortiment",
  "producthierarchy_level3": "Emmentaler AOP gerieben",
  "producthierarchy_level4": "",
  "producthierarchy_level5": "",
  "producthierarchy_level6": "",
  "producthierarchy_level7": "",
  "currency": "Swiss franc",
  "file_name_1": "5100550_1.jpg",
  "image_url_1": "https://sortiment.lidl.ch/media/catalog/product/cache/38c728e59b3a47950872534eff8a1e63/5/1/5100550_Emmentaler_PSXX.jpg"
},
{
  "_id": {
    "$oid": "66f3a1c9d23ade1eec55f955"
  },
  "unique_id": "5100549",
  "product_name": "Gruyère AOP gerieben",
  "brand": "Fromani",
  "regular_price": 3.59,
  "selling_price": 3.59,
  "price_per_unit": "pro 250g | 100g = 1.44 CHF",
  "breadcrumb": "Sortiment > Sortiment > Gruyère AOP gerieben",
  "pdp_url": "https://sortiment.lidl.ch/de/gruyere-aop-gerieben-5100549",
  "product_description": "Artikelnr.: 5100549",
  "producthierarchy_level1": "Sortiment",
  "producthierarchy_level2": "Sortiment",
  "producthierarchy_level3": "Gruyère AOP gerieben",
  "producthierarchy_level4": "",
  "producthierarchy_level5": "",
  "producthierarchy_level6": "",
  "producthierarchy_level7": "",
  "currency": "Swiss franc",
  "file_name_1": "5100549_1.jpg",
  "image_url_1": "https://sortiment.lidl.ch/media/catalog/product/cache/38c728e59b3a47950872534eff8a1e63/5/1/5100549_Gruyere_PSXX.jpg"
},
{
  "_id": {
    "$oid": "66f3a1cad23ade1eec55f956"
  },
  "unique_id": "137056",
  "product_name": "Pinienkerne",
  "brand": "Alesto",
  "regular_price": 1.99,
  "selling_price": 1.99,
  "price_per_unit": "pro 50g | 100g = 3.98 CHF",
  "breadcrumb": "Sortiment > Sortiment > Pinienkerne",
  "pdp_url": "https://sortiment.lidl.ch/de/pinienkerne-0137056",
  "product_description": "Artikelnr.: 137056",
  "producthierarchy_level1": "Sortiment",
  "producthierarchy_level2": "Sortiment",
  "producthierarchy_level3": "Pinienkerne",
  "producthierarchy_level4": "",
  "producthierarchy_level5": "",
  "producthierarchy_level6": "",
  "producthierarchy_level7": "",
  "currency": "Swiss franc",
  "file_name_1": "137056_1.jpg",
  "image_url_1": "https://sortiment.lidl.ch/media/catalog/product/cache/38c728e59b3a47950872534eff8a1e63/1/3/137056_PSXX.jpg"
},
{
  "_id": {
    "$oid": "66f3a1cbd23ade1eec55f957"
  },
  "unique_id": "200205",
  "product_name": "Erdbeer-Konfitüre",
  "brand": "Maribel",
  "regular_price": 1.29,
  "selling_price": 1.29,
  "price_per_unit": "pro 450g | 100g = 0.29 CHF",
  "breadcrumb": "Sortiment > Sortiment > Erdbeer-Konfitüre",
  "pdp_url": "https://sortiment.lidl.ch/de/erdbeer-konfituere-0200205",
  "product_description": "Artikelnr.: 200205",
  "producthierarchy_level1": "Sortiment",
  "producthierarchy_level2": "Sortiment",
  "producthierarchy_level3": "Erdbeer-Konfitüre",
  "producthierarchy_level4": "",
  "producthierarchy_level5": "",
  "producthierarchy_level6": "",
  "producthierarchy_level7": "",
  "currency": "Swiss franc",
  "file_name_1": "200205_1.jpg",
  "image_url_1": "https://sortiment.lidl.ch/media/catalog/product/cache/38c728e59b3a47950872534eff8a1e63/2/0/200205_PSXX.jpg"
},
{
  "_id": {
    "$oid": "66f3a1ccd23ade1eec55f958"
  },
  "unique_id": "140050",
  "product_name": "Kakappulver goody cao",
  "brand": "Bellarom",
  "regular_price": 2.99,
  "selling_price": 2.99,
  "price_per_unit": "pro 800g | 100g = 0.38 CHF",
  "breadcrumb": "Sortiment > Sortiment > Kakappulver goody cao",
  "pdp_url": "https://sortiment.lidl.ch/de/kakappulver-goody-cao-0140050",
  "product_description": "Artikelnr.: 140050",
  "producthierarchy_level1": "Sortiment",
  "producthierarchy_level2": "Sortiment",
  "producthierarchy_level3": "Kakappulver goody cao",
  "producthierarchy_level4": "",
  "producthierarchy_level5": "",
  "producthierarchy_level6": "",
  "producthierarchy_level7": "",
  "currency": "Swiss franc",
  "file_name_1": "140050_1.jpg",
  "image_url_1": "https://sortiment.lidl.ch/media/catalog/product/cache/38c728e59b3a47950872534eff8a1e63/1/4/140050_PSXX.jpg"
},
{
  "_id": {
    "$oid": "66f3a1ced23ade1eec55f959"
  },
  "unique_id": "5112847",
  "product_name": "Tomme Suisse",
  "brand": "Fromani",
  "regular_price": 1.75,
  "selling_price": 1.75,
  "price_per_unit": "pro 100g",
  "breadcrumb": "Sortiment > Sortiment > Tomme Suisse",
  "pdp_url": "https://sortiment.lidl.ch/de/tomme-suisse-5112847",
  "product_description": "Artikelnr.: 5112847",
  "producthierarchy_level1": "Sortiment",
  "producthierarchy_level2": "Sortiment",
  "producthierarchy_level3": "Tomme Suisse",
  "producthierarchy_level4": "",
  "producthierarchy_level5": "",
  "producthierarchy_level6": "",
  "producthierarchy_level7": "",
  "currency": "Swiss franc",
  "file_name_1": "5112847_1.jpg",
  "image_url_1": "https://sortiment.lidl.ch/media/catalog/product/cache/38c728e59b3a47950872534eff8a1e63/5/1/5112847_FKBF.jpg",
  "file_name_2": "5112847_2.jpg",
  "image_url_2": "https://sortiment.lidl.ch/media/catalog/product/cache/38c728e59b3a47950872534eff8a1e63/5/1/5112847_Fromani_TommeSuisse_PSXX.jpg"
},
{
  "_id": {
    "$oid": "66f3a1cfd23ade1eec55f95a"
  },
  "unique_id": "5112339",
  "product_name": "ASC White Tiger Crevetten",
  "brand": "Fisher's Choice",
  "regular_price": 2.69,
  "selling_price": 2.69,
  "price_per_unit": "pro 100g, ca. 200-300g",
  "breadcrumb": "Sortiment > Sortiment > ASC White Tiger Crevetten",
  "pdp_url": "https://sortiment.lidl.ch/de/asc-white-tiger-crevetten-5112339",
  "product_description": "Artikelnr.: 5112339",
  "producthierarchy_level1": "Sortiment",
  "producthierarchy_level2": "Sortiment",
  "producthierarchy_level3": "ASC White Tiger Crevetten",
  "producthierarchy_level4": "",
  "producthierarchy_level5": "",
  "producthierarchy_level6": "",
  "producthierarchy_level7": "",
  "currency": "Swiss franc",
  "file_name_1": "5112339_1.jpg",
  "image_url_1": "https://sortiment.lidl.ch/media/catalog/product/cache/38c728e59b3a47950872534eff8a1e63/5/1/5112339_ASC_White_Tiger_PSXX.jpg"
},
{
  "_id": {
    "$oid": "66f3a1d1d23ade1eec55f95b"
  },
  "unique_id": "199385",
  "product_name": "Eco Tiefkühl Tragetasche",
  "brand": "",
  "regular_price": 0.89,
  "selling_price": 0.89,
  "price_per_unit": "pro Stück",
  "breadcrumb": "Sortiment > Sortiment > Eco Tiefkühl Tragetasche",
  "pdp_url": "https://sortiment.lidl.ch/de/eco-tiefkuehl-tragetasche-0199385",
  "product_description": "Artikelnr.: 199385",
  "producthierarchy_level1": "Sortiment",
  "producthierarchy_level2": "Sortiment",
  "producthierarchy_level3": "Eco Tiefkühl Tragetasche",
  "producthierarchy_level4": "",
  "producthierarchy_level5": "",
  "producthierarchy_level6": "",
  "producthierarchy_level7": "",
  "currency": "Swiss franc",
  "file_name_1": "199385_1.jpg",
  "image_url_1": "https://sortiment.lidl.ch/media/catalog/product/cache/38c728e59b3a47950872534eff8a1e63/1/9/199385_15Jahre_PSXX.jpg",
  "file_name_2": "199385_2.jpg",
  "image_url_2": "https://sortiment.lidl.ch/media/catalog/product/cache/38c728e59b3a47950872534eff8a1e63/1/9/199385_divers_PSXX.jpg"
},
{
  "_id": {
    "$oid": "66f3a1d2d23ade1eec55f95c"
  },
  "unique_id": "197694",
  "product_name": "Gesichtsreinigungstücher",
  "brand": "Cien",
  "regular_price": 2.95,
  "selling_price": 2.95,
  "price_per_unit": "pro 2x25 Stück | 1 Stk = 0.06 CHF",
  "breadcrumb": "Sortiment > Sortiment > Gesichtsreinigungstücher",
  "pdp_url": "https://sortiment.lidl.ch/de/gesichtsreinigungstuecher-0197694",
  "product_description": "Artikelnr.: 197694",
  "producthierarchy_level1": "Sortiment",
  "producthierarchy_level2": "Sortiment",
  "producthierarchy_level3": "Gesichtsreinigungstücher",
  "producthierarchy_level4": "",
  "producthierarchy_level5": "",
  "producthierarchy_level6": "",
  "producthierarchy_level7": "",
  "currency": "Swiss franc",
  "file_name_1": "197694_1.jpg",
  "image_url_1": "https://sortiment.lidl.ch/media/catalog/product/cache/38c728e59b3a47950872534eff8a1e63/1/9/197694_01_PSXX.jpg",
  "file_name_2": "197694_2.jpg",
  "image_url_2": "https://sortiment.lidl.ch/media/catalog/product/cache/38c728e59b3a47950872534eff8a1e63/1/9/197694_02_PSXX.jpg"
},
{
  "_id": {
    "$oid": "66f3a1d3d23ade1eec55f95d"
  },
  "unique_id": "1800351",
  "product_name": "Unilever Axe Deo Spray",
  "brand": "Unilever",
  "regular_price": 6.19,
  "selling_price": 6.19,
  "price_per_unit": "pro 200ml | 1L = 30.95 CHF",
  "breadcrumb": "Sortiment > Sortiment > Unilever Axe Deo Spray",
  "pdp_url": "https://sortiment.lidl.ch/de/unilever-axe-deo-spray-1800351",
  "product_description": "Artikelnr.: 1800351",
  "producthierarchy_level1": "Sortiment",
  "producthierarchy_level2": "Sortiment",
  "producthierarchy_level3": "Unilever Axe Deo Spray",
  "producthierarchy_level4": "",
  "producthierarchy_level5": "",
  "producthierarchy_level6": "",
  "producthierarchy_level7": "",
  "currency": "Swiss franc",
  "file_name_1": "1800351_1.jpg",
  "image_url_1": "https://sortiment.lidl.ch/media/catalog/product/cache/38c728e59b3a47950872534eff8a1e63/1/8/1800351_Africa_PSXX.jpg",
  "file_name_2": "1800351_2.jpg",
  "image_url_2": "https://sortiment.lidl.ch/media/catalog/product/cache/38c728e59b3a47950872534eff8a1e63/1/8/1800351_Black_PSXX.jpg",
  "file_name_3": "1800351_3.jpg",
  "image_url_3": "https://sortiment.lidl.ch/media/catalog/product/cache/38c728e59b3a47950872534eff8a1e63/1/8/1800351_DarkTemptation_PSXX.jpg",
  "file_name_4": "1800351_4.jpg",
  "image_url_4": "https://sortiment.lidl.ch/media/catalog/product/cache/38c728e59b3a47950872534eff8a1e63/1/8/1800351_EpicFresh_PSXX.jpg"
},
{
  "_id": {
    "$oid": "66f3a1d4d23ade1eec55f95e"
  },
  "unique_id": "162225",
  "product_name": "Grüntee",
  "brand": "Lord Nelson",
  "regular_price": 1.59,
  "selling_price": 1.59,
  "price_per_unit": "pro 25x1,75g | 100g = 3.70, 2.12 CHF",
  "breadcrumb": "Sortiment > Sortiment > Grüntee",
  "pdp_url": "https://sortiment.lidl.ch/de/gruentee-0162225",
  "product_description": "Artikelnr.: 162225",
  "producthierarchy_level1": "Sortiment",
  "producthierarchy_level2": "Sortiment",
  "producthierarchy_level3": "Grüntee",
  "producthierarchy_level4": "",
  "producthierarchy_level5": "",
  "producthierarchy_level6": "",
  "producthierarchy_level7": "",
  "currency": "Swiss franc",
  "file_name_1": "162225_1.jpg",
  "image_url_1": "https://sortiment.lidl.ch/media/catalog/product/cache/38c728e59b3a47950872534eff8a1e63/1/6/162225_Orange_Ingwer_PSXX.jpg",
  "file_name_2": "162225_2.jpg",
  "image_url_2": "https://sortiment.lidl.ch/media/catalog/product/cache/38c728e59b3a47950872534eff8a1e63/1/6/162225_Zitrone_PSXX.jpg"
},
{
  "_id": {
    "$oid": "66f3a1d6d23ade1eec55f95f"
  },
  "unique_id": "215659",
  "product_name": "Vegane Tortelloni",
  "brand": "Vemondo",
  "regular_price": 3.29,
  "selling_price": 3.29,
  "price_per_unit": "pro 250g | 100g = 1.32 CHF",
  "breadcrumb": "Sortiment > Sortiment > Vegane Tortelloni",
  "pdp_url": "https://sortiment.lidl.ch/de/vegane-tortelloni-0215659",
  "product_description": "Artikelnr.: 215659",
  "producthierarchy_level1": "Sortiment",
  "producthierarchy_level2": "Sortiment",
  "producthierarchy_level3": "Vegane Tortelloni",
  "producthierarchy_level4": "",
  "producthierarchy_level5": "",
  "producthierarchy_level6": "",
  "producthierarchy_level7": "",
  "currency": "Swiss franc",
  "file_name_1": "215659_1.jpg",
  "image_url_1": "https://sortiment.lidl.ch/media/catalog/product/cache/38c728e59b3a47950872534eff8a1e63/2/1/215659_OatFlakes_PSXX.jpg",
  "file_name_2": "215659_2.jpg",
  "image_url_2": "https://sortiment.lidl.ch/media/catalog/product/cache/38c728e59b3a47950872534eff8a1e63/2/1/215659_Tomato_PSXX.jpg"
},
{
  "_id": {
    "$oid": "66f3a1d7d23ade1eec55f960"
  },
  "unique_id": "5112325",
  "product_name": "Quinoa Tricolore Pasta Caprese",
  "brand": "select & go",
  "regular_price": 3.49,
  "selling_price": 3.49,
  "price_per_unit": "pro 290g, 300g | 100g = 1.21, 1.17 CHF",
  "breadcrumb": "Sortiment > Sortiment > Quinoa Tricolore Pasta Caprese",
  "pdp_url": "https://sortiment.lidl.ch/de/quinoa-tricolore-pasta-caprese-5112325",
  "product_description": "Artikelnr.: 5112325",
  "producthierarchy_level1": "Sortiment",
  "producthierarchy_level2": "Sortiment",
  "producthierarchy_level3": "Quinoa Tricolore Pasta Caprese",
  "producthierarchy_level4": "",
  "producthierarchy_level5": "",
  "producthierarchy_level6": "",
  "producthierarchy_level7": "",
  "currency": "Swiss franc",
  "file_name_1": "5112325_1.jpg",
  "image_url_1": "https://sortiment.lidl.ch/media/catalog/product/cache/38c728e59b3a47950872534eff8a1e63/5/1/5112325_PastaCaprese_PSXX.jpg",
  "file_name_2": "5112325_2.jpg",
  "image_url_2": "https://sortiment.lidl.ch/media/catalog/product/cache/38c728e59b3a47950872534eff8a1e63/5/1/5112325_QuinoaTricolore_PSXX.jpg"
},
{
  "_id": {
    "$oid": "66f3a1d9d23ade1eec55f961"
  },
  "unique_id": "5112322",
  "product_name": "Poulet Curry / Fusilli Salat",
  "brand": "Chef Select",
  "regular_price": 3.49,
  "selling_price": 3.49,
  "price_per_unit": "pro 300g | 100g = 1.17 CHF",
  "breadcrumb": "Sortiment > Sortiment > Poulet Curry / Fusilli Salat",
  "pdp_url": "https://sortiment.lidl.ch/de/poulet-curry-fusilli-salat-5112322",
  "product_description": "Artikelnr.: 5112322",
  "producthierarchy_level1": "Sortiment",
  "producthierarchy_level2": "Sortiment",
  "producthierarchy_level3": "Poulet Curry / Fusilli Salat",
  "producthierarchy_level4": "",
  "producthierarchy_level5": "",
  "producthierarchy_level6": "",
  "producthierarchy_level7": "",
  "currency": "Swiss franc",
  "file_name_1": "5112322_1.jpg",
  "image_url_1": "https://sortiment.lidl.ch/media/catalog/product/cache/38c728e59b3a47950872534eff8a1e63/5/1/5112322_FusilliPouletCurry_PSXX.jpg",
  "file_name_2": "5112322_2.jpg",
  "image_url_2": "https://sortiment.lidl.ch/media/catalog/product/cache/38c728e59b3a47950872534eff8a1e63/5/1/5112322_PouletCurry_PSXX.jpg"
},
{
  "_id": {
    "$oid": "66f3a1dad23ade1eec55f962"
  },
  "unique_id": "82755",
  "product_name": "Karotten Terra Natura",
  "brand": "",
  "regular_price": 1.69,
  "selling_price": 1.69,
  "price_per_unit": "pro 1kg",
  "breadcrumb": "Sortiment > Sortiment > Karotten Terra Natura",
  "pdp_url": "https://sortiment.lidl.ch/de/karotten-terra-natura-0082755",
  "product_description": "Artikelnr.: 82755",
  "producthierarchy_level1": "Sortiment",
  "producthierarchy_level2": "Sortiment",
  "producthierarchy_level3": "Karotten Terra Natura",
  "producthierarchy_level4": "",
  "producthierarchy_level5": "",
  "producthierarchy_level6": "",
  "producthierarchy_level7": "",
  "currency": "Swiss franc",
  "file_name_1": "82755_1.jpg",
  "image_url_1": "https://sortiment.lidl.ch/media/catalog/product/cache/38c728e59b3a47950872534eff8a1e63/8/2/82755_OGAX.jpg",
  "file_name_2": "82755_2.jpg",
  "image_url_2": "https://sortiment.lidl.ch/media/catalog/product/cache/38c728e59b3a47950872534eff8a1e63/8/2/82755_OGFG.jpg"
},
{
  "_id": {
    "$oid": "66f3a1dbd23ade1eec55f963"
  },
  "unique_id": "13266",
  "product_name": "Californische Pistazien gesalzen",
  "brand": "Alesto",
  "regular_price": 3.99,
  "selling_price": 3.99,
  "price_per_unit": "pro 250g | 100g = 1.60 CHF",
  "breadcrumb": "Sortiment > Sortiment > Californische Pistazien gesalzen",
  "pdp_url": "https://sortiment.lidl.ch/de/californische-pistazien-gesalzen-0013266",
  "product_description": "Artikelnr.: 13266",
  "producthierarchy_level1": "Sortiment",
  "producthierarchy_level2": "Sortiment",
  "producthierarchy_level3": "Californische Pistazien gesalzen",
  "producthierarchy_level4": "",
  "producthierarchy_level5": "",
  "producthierarchy_level6": "",
  "producthierarchy_level7": "",
  "currency": "Swiss franc",
  "file_name_1": "13266_1.jpg",
  "image_url_1": "https://sortiment.lidl.ch/media/catalog/product/cache/38c728e59b3a47950872534eff8a1e63/1/3/13266_PSXX.jpg"
},
{
  "_id": {
    "$oid": "66f3a1dcd23ade1eec55f964"
  },
  "unique_id": "153686",
  "product_name": "Croissant",
  "brand": "Maitre Jean-Pierre",
  "regular_price": 2.99,
  "selling_price": 2.99,
  "price_per_unit": "pro 400g | 100g = 0.75 CHF",
  "breadcrumb": "Sortiment > Sortiment > Croissant",
  "pdp_url": "https://sortiment.lidl.ch/de/croissant-0153686",
  "product_description": "Artikelnr.: 153686",
  "producthierarchy_level1": "Sortiment",
  "producthierarchy_level2": "Sortiment",
  "producthierarchy_level3": "Croissant",
  "producthierarchy_level4": "",
  "producthierarchy_level5": "",
  "producthierarchy_level6": "",
  "producthierarchy_level7": "",
  "currency": "Swiss franc",
  "file_name_1": "153686_1.jpg",
  "image_url_1": "https://sortiment.lidl.ch/media/catalog/product/cache/38c728e59b3a47950872534eff8a1e63/1/5/153686_PSXX.jpg"
},
{
  "_id": {
    "$oid": "66f3a1ded23ade1eec55f965"
  },
  "unique_id": "5112742",
  "product_name": "Birra Moretti 4.6% Vol.",
  "brand": "Moretti",
  "regular_price": 13.19,
  "selling_price": 9.89,
  "price_per_unit": "pro 6x0.5l | 1L = 3.30 CHF",
  "breadcrumb": "Sortiment > Sortiment > Birra Moretti 4.6% Vol.",
  "pdp_url": "https://sortiment.lidl.ch/de/birra-moretti-4-6-vol-5112742",
  "product_description": "Artikelnr.: 5112742",
  "producthierarchy_level1": "Sortiment",
  "producthierarchy_level2": "Sortiment",
  "producthierarchy_level3": "Birra Moretti 4.6% Vol.",
  "producthierarchy_level4": "",
  "producthierarchy_level5": "",
  "producthierarchy_level6": "",
  "producthierarchy_level7": "",
  "currency": "Swiss franc",
  "file_name_1": "5112742_1.jpg",
  "image_url_1": "https://sortiment.lidl.ch/media/catalog/product/cache/38c728e59b3a47950872534eff8a1e63/5/1/5112742_6erPack_PSXX.jpg",
  "file_name_2": "5112742_2.jpg",
  "image_url_2": "https://sortiment.lidl.ch/media/catalog/product/cache/38c728e59b3a47950872534eff8a1e63/5/1/5112742_ED_PSXX.jpg"
},
{
  "_id": {
    "$oid": "66f3a1dfd23ade1eec55f966"
  },
  "unique_id": "5112737",
  "product_name": "Rivella Gelb",
  "brand": "Rivella",
  "regular_price": 9.29,
  "selling_price": 9.29,
  "price_per_unit": "pro 6x0,5l | 1L = 3.10 CHF",
  "breadcrumb": "Sortiment > Sortiment > Rivella Gelb",
  "pdp_url": "https://sortiment.lidl.ch/de/rivella-gelb-5112737",
  "product_description": "Artikelnr.: 5112737",
  "producthierarchy_level1": "Sortiment",
  "producthierarchy_level2": "Sortiment",
  "producthierarchy_level3": "Rivella Gelb",
  "producthierarchy_level4": "",
  "producthierarchy_level5": "",
  "producthierarchy_level6": "",
  "producthierarchy_level7": "",
  "currency": "Swiss franc",
  "file_name_1": "5112737_1.jpg",
  "image_url_1": "https://sortiment.lidl.ch/media/catalog/product/cache/38c728e59b3a47950872534eff8a1e63/5/1/5112737_6er_Pack_PSXX.jpg"
},
{
  "_id": {
    "$oid": "66f3a1e0d23ade1eec55f967"
  },
  "unique_id": "5112701",
  "product_name": "Primitivo di Manduria DOC",
  "brand": "Uno",
  "regular_price": 15.95,
  "selling_price": 15.95,
  "price_per_unit": "pro 0,75l | 1L = 21.27 CHF",
  "breadcrumb": "Sortiment > Sortiment > Primitivo di Manduria DOC",
  "pdp_url": "https://sortiment.lidl.ch/de/primitivo-di-manduria-doc-5112701",
  "product_description": "Artikelnr.: 5112701",
  "producthierarchy_level1": "Sortiment",
  "producthierarchy_level2": "Sortiment",
  "producthierarchy_level3": "Primitivo di Manduria DOC",
  "producthierarchy_level4": "",
  "producthierarchy_level5": "",
  "producthierarchy_level6": "",
  "producthierarchy_level7": "",
  "currency": "Swiss franc",
  "file_name_1": "5112701_1.jpg",
  "image_url_1": "https://sortiment.lidl.ch/media/catalog/product/cache/38c728e59b3a47950872534eff8a1e63/5/1/5112701_PSWE.jpg"
},
{
  "_id": {
    "$oid": "66f3a1e2d23ade1eec55f968"
  },
  "unique_id": "5110693",
  "product_name": "Valdepeñas Reserva DO",
  "brand": "Pata Negra",
  "regular_price": 9.95,
  "selling_price": 9.95,
  "price_per_unit": "pro 0,75l | 1L = 13.27 CHF",
  "breadcrumb": "Sortiment > Sortiment > Valdepeñas Reserva DO",
  "pdp_url": "https://sortiment.lidl.ch/de/valdepe-as-reserva-do-5110693",
  "product_description": "Artikelnr.: 5110693",
  "producthierarchy_level1": "Sortiment",
  "producthierarchy_level2": "Sortiment",
  "producthierarchy_level3": "Valdepeñas Reserva DO",
  "producthierarchy_level4": "",
  "producthierarchy_level5": "",
  "producthierarchy_level6": "",
  "producthierarchy_level7": "",
  "currency": "Swiss franc",
  "file_name_1": "5110693_1.jpg",
  "image_url_1": "https://sortiment.lidl.ch/media/catalog/product/cache/38c728e59b3a47950872534eff8a1e63/5/1/5110693_PSWE.jpg"
},
{
  "_id": {
    "$oid": "66f3a1e3d23ade1eec55f969"
  },
  "unique_id": "201850",
  "product_name": "Bolognese Fix",
  "brand": "Kania",
  "regular_price": 0.65,
  "selling_price": 0.65,
  "price_per_unit": "pro 37g | 100g = 1.76 CHF",
  "breadcrumb": "Sortiment > Sortiment > Bolognese Fix",
  "pdp_url": "https://sortiment.lidl.ch/de/bolognese-fix-0201850",
  "product_description": "Artikelnr.: 201850",
  "producthierarchy_level1": "Sortiment",
  "producthierarchy_level2": "Sortiment",
  "producthierarchy_level3": "Bolognese Fix",
  "producthierarchy_level4": "",
  "producthierarchy_level5": "",
  "producthierarchy_level6": "",
  "producthierarchy_level7": "",
  "currency": "Swiss franc",
  "file_name_1": "201850_1.jpg",
  "image_url_1": "https://sortiment.lidl.ch/media/amasty/amoptmobile/catalog/product/cache/38c728e59b3a47950872534eff8a1e63/2/0/201850_PSXX.jpg"
},
{
  "_id": {
    "$oid": "66f3a1e4d23ade1eec55f96a"
  },
  "unique_id": "201845",
  "product_name": "Gulasch Fix",
  "brand": "Kania",
  "regular_price": 0.65,
  "selling_price": 0.65,
  "price_per_unit": "pro 40g | 100g = 1.63 CHF",
  "breadcrumb": "Sortiment > Sortiment > Gulasch Fix",
  "pdp_url": "https://sortiment.lidl.ch/de/gulasch-fix-0201845",
  "product_description": "Artikelnr.: 201845",
  "producthierarchy_level1": "Sortiment",
  "producthierarchy_level2": "Sortiment",
  "producthierarchy_level3": "Gulasch Fix",
  "producthierarchy_level4": "",
  "producthierarchy_level5": "",
  "producthierarchy_level6": "",
  "producthierarchy_level7": "",
  "currency": "Swiss franc",
  "file_name_1": "201845_1.jpg",
  "image_url_1": "https://sortiment.lidl.ch/media/catalog/product/cache/38c728e59b3a47950872534eff8a1e63/2/0/201845_PSXX.jpg"
},
{
  "_id": {
    "$oid": "66f3a1e6d23ade1eec55f96b"
  },
  "unique_id": "192435",
  "product_name": "Tomatenketchup light",
  "brand": "Kania",
  "regular_price": 1.59,
  "selling_price": 1.59,
  "price_per_unit": "pro 500ml | 100ML = 0.32 CHF",
  "breadcrumb": "Sortiment > Sortiment > Tomatenketchup light",
  "pdp_url": "https://sortiment.lidl.ch/de/tomatenketchup-light-0192435",
  "product_description": "Artikelnr.: 192435",
  "producthierarchy_level1": "Sortiment",
  "producthierarchy_level2": "Sortiment",
  "producthierarchy_level3": "Tomatenketchup light",
  "producthierarchy_level4": "",
  "producthierarchy_level5": "",
  "producthierarchy_level6": "",
  "producthierarchy_level7": "",
  "currency": "Swiss franc",
  "file_name_1": "192435_1.jpg",
  "image_url_1": "https://sortiment.lidl.ch/media/catalog/product/cache/38c728e59b3a47950872534eff8a1e63/1/9/192435_Light_PSXX.jpg"
},
{
  "_id": {
    "$oid": "66f3a1e7d23ade1eec55f96c"
  },
  "unique_id": "215559",
  "product_name": "Gnocchi",
  "brand": "Chef Select",
  "regular_price": 1.79,
  "selling_price": 1.79,
  "price_per_unit": "pro 600g | 100g = 0.30 CHF",
  "breadcrumb": "Sortiment > Sortiment > Gnocchi",
  "pdp_url": "https://sortiment.lidl.ch/de/gnocchi-0215559",
  "product_description": "Artikelnr.: 215559",
  "producthierarchy_level1": "Sortiment",
  "producthierarchy_level2": "Sortiment",
  "producthierarchy_level3": "Gnocchi",
  "producthierarchy_level4": "",
  "producthierarchy_level5": "",
  "producthierarchy_level6": "",
  "producthierarchy_level7": "",
  "currency": "Swiss franc",
  "file_name_1": "215559_1.jpg",
  "image_url_1": "https://sortiment.lidl.ch/media/catalog/product/cache/38c728e59b3a47950872534eff8a1e63/2/1/215559_PSXX.jpg"
},
{
  "_id": {
    "$oid": "66f3a1e8d23ade1eec55f96d"
  },
  "unique_id": "160434",
  "product_name": "Simit",
  "brand": "",
  "regular_price": 0.99,
  "selling_price": 0.99,
  "price_per_unit": "pro 120g | 100g = 0.83 CHF",
  "breadcrumb": "Sortiment > Sortiment > Simit",
  "pdp_url": "https://sortiment.lidl.ch/de/simit-0160434",
  "product_description": "Artikelnr.: 160434 Weizenkleingebäck mit Sesam bestreut. Zutaten: Weizenmehl , Wasser, 12,3% Sesamsamen , Zucker, Rapsöl, Hefe, Speisesalz, Stabilisator: Guarkernmehl, Dextrose, Weizenkleber , Emulgator: Mono- und Diacetylweinsäureester von Mono- und Diglyceriden von Speisefettsäuren*, Malzmehl ( Weizen, Gerste ), Mehlbehandlungsmittel: Ascorbinsäure, Zuckerrübensirup. Kann Spuren von Ei, Erdnüsse, Soja, Milch, Schalenfrüchte (Nüsse), Sellerie, Senf und Sulfiten enthalten . *auf pflanzlicher Basis. Hergestellt in Deutschland.",
  "producthierarchy_level1": "Sortiment",
  "producthierarchy_level2": "Sortiment",
  "producthierarchy_level3": "Simit",
  "producthierarchy_level4": "",
  "producthierarchy_level5": "",
  "producthierarchy_level6": "",
  "producthierarchy_level7": "",
  "currency": "Swiss franc",
  "file_name_1": "160434_1.jpg",
  "image_url_1": "https://sortiment.lidl.ch/media/catalog/product/cache/38c728e59b3a47950872534eff8a1e63/1/6/160434_FKBF.jpg"
},
{
  "_id": {
    "$oid": "66f3a1ead23ade1eec55f96e"
  },
  "unique_id": "148303",
  "product_name": "Petit Beurre Schokolade",
  "brand": "Sondey",
  "regular_price": 2.49,
  "selling_price": 2.49,
  "price_per_unit": "pro 2x125g | 100g = 1.00 CHF",
  "breadcrumb": "Sortiment > Sortiment > Petit Beurre Schokolade",
  "pdp_url": "https://sortiment.lidl.ch/de/petit-beurre-schokolade-0148303",
  "product_description": "Artikelnr.: 148303",
  "producthierarchy_level1": "Sortiment",
  "producthierarchy_level2": "Sortiment",
  "producthierarchy_level3": "Petit Beurre Schokolade",
  "producthierarchy_level4": "",
  "producthierarchy_level5": "",
  "producthierarchy_level6": "",
  "producthierarchy_level7": "",
  "currency": "Swiss franc",
  "file_name_1": "148303_1.jpg",
  "image_url_1": "https://sortiment.lidl.ch/media/catalog/product/cache/38c728e59b3a47950872534eff8a1e63/1/4/148303_Dark_PSXX.jpg",
  "file_name_2": "148303_2.jpg",
  "image_url_2": "https://sortiment.lidl.ch/media/catalog/product/cache/38c728e59b3a47950872534eff8a1e63/1/4/148303_Milch_PSXX.jpg"
},
{
  "_id": {
    "$oid": "66f3a1ebd23ade1eec55f96f"
  },
  "unique_id": "189618",
  "product_name": "Teelichter",
  "brand": "Livarno",
  "regular_price": 4.99,
  "selling_price": 4.99,
  "price_per_unit": "pro 100 Stück",
  "breadcrumb": "Sortiment > Sortiment > Teelichter",
  "pdp_url": "https://sortiment.lidl.ch/de/teelichter-0189618",
  "product_description": "Artikelnr.: 189618",
  "producthierarchy_level1": "Sortiment",
  "producthierarchy_level2": "Sortiment",
  "producthierarchy_level3": "Teelichter",
  "producthierarchy_level4": "",
  "producthierarchy_level5": "",
  "producthierarchy_level6": "",
  "producthierarchy_level7": "",
  "currency": "Swiss franc",
  "file_name_1": "189618_1.jpg",
  "image_url_1": "https://sortiment.lidl.ch/media/catalog/product/cache/38c728e59b3a47950872534eff8a1e63/1/8/189618_PSXX.jpg"
},
{
  "_id": {
    "$oid": "66f3a1edd23ade1eec55f970"
  },
  "unique_id": "203814",
  "product_name": "Flüssige Handseife",
  "brand": "Cien",
  "regular_price": 1.79,
  "selling_price": 1.79,
  "price_per_unit": "pro 1l",
  "breadcrumb": "Sortiment > Sortiment > Flüssige Handseife",
  "pdp_url": "https://sortiment.lidl.ch/de/fluessige-handseife-0203814",
  "product_description": "Artikelnr.: 203814",
  "producthierarchy_level1": "Sortiment",
  "producthierarchy_level2": "Sortiment",
  "producthierarchy_level3": "Flüssige Handseife",
  "producthierarchy_level4": "",
  "producthierarchy_level5": "",
  "producthierarchy_level6": "",
  "producthierarchy_level7": "",
  "currency": "Swiss franc",
  "file_name_1": "203814_1.jpg",
  "image_url_1": "https://sortiment.lidl.ch/media/catalog/product/cache/38c728e59b3a47950872534eff8a1e63/2/0/203814_Mandel_PSXX.jpg",
  "file_name_2": "203814_2.jpg",
  "image_url_2": "https://sortiment.lidl.ch/media/catalog/product/cache/38c728e59b3a47950872534eff8a1e63/2/0/203814_Milch_Honig_PSXX.jpg"
},
{
  "_id": {
    "$oid": "66f3a1eed23ade1eec55f971"
  },
  "unique_id": "5112435",
  "product_name": "Bio Landbrötli",
  "brand": "",
  "regular_price": 0.99,
  "selling_price": 0.99,
  "price_per_unit": "pro 90g | 100g = 1.10 CHF",
  "breadcrumb": "Sortiment > Sortiment > Bio Landbrötli",
  "pdp_url": "https://sortiment.lidl.ch/de/bio-landbroetli-5112435",
  "product_description": "Artikelnr.: 5112435 Bio Spezialbrötchen. Zutaten: Weizenmehl 1, Wasser, Roggenschrot 1, Roggenmehl 1, Dinkelvollkornmehl 1, Sonnenblumenkerne1, Hefe1, Speisesalz jodiert, Leinsamen1, Sesam1 , Roggensauersteig [Wasser, Roggenvollkornmehl1 , Hefe1], Röstroggen1 , Weizengluten1 , Acerolapulver1 (auf Maniokstärke). Kann Spuren von Ei, Erdnüsse, Soja, Milch, Schalenfrüchte (Nüsse), Sellerie, Senf und Sulfiten enthalten. 1aus biologischer Landwirtschaft. CH-BIO-006. Hergestellt in der Schweiz.",
  "producthierarchy_level1": "Sortiment",
  "producthierarchy_level2": "Sortiment",
  "producthierarchy_level3": "Bio Landbrötli",
  "producthierarchy_level4": "",
  "producthierarchy_level5": "",
  "producthierarchy_level6": "",
  "producthierarchy_level7": "",
  "currency": "Swiss franc",
  "file_name_1": "5112435_1.jpg",
  "image_url_1": "https://sortiment.lidl.ch/media/catalog/product/cache/38c728e59b3a47950872534eff8a1e63/5/1/5112435_FKBF.jpg"
},
{
  "_id": {
    "$oid": "66f3a1efd23ade1eec55f972"
  },
  "unique_id": "5112426",
  "product_name": "Vollkornbrot",
  "brand": "",
  "regular_price": 3.49,
  "selling_price": 3.49,
  "price_per_unit": "pro 350g | 100g = 1.00 CHF",
  "breadcrumb": "Sortiment > Sortiment > Vollkornbrot",
  "pdp_url": "https://sortiment.lidl.ch/de/vollkornbrot-5112426",
  "product_description": "Artikelnr.: 5112426 Vollkornbrot mit Roggenmehl. Zutaten:  56,2% Weizenvollkornmehl, Wasser, Backhefe, Speisesalz, Dextrose, Roggensauerteig ( Roggenmehl ), Weizensauerteig  ( Weizenmehl, Weizenmalzmehl ), Weizenquellstärke , Roggenmehl , Acerolafruchtpulver (auf Trägerstoff Maltodextrin). Kann Spuren von Ei, Milch, Soja, Erdnüsse, Schalenfrüchte (Nüsse), Sellerie, Senf, Sesam und Sulfiten enthalten. Hergestellt in der Schweiz.",
  "producthierarchy_level1": "Sortiment",
  "producthierarchy_level2": "Sortiment",
  "producthierarchy_level3": "Vollkornbrot",
  "producthierarchy_level4": "",
  "producthierarchy_level5": "",
  "producthierarchy_level6": "",
  "producthierarchy_level7": "",
  "currency": "Swiss franc",
  "file_name_1": "5112426_1.jpg",
  "image_url_1": "https://sortiment.lidl.ch/media/catalog/product/cache/38c728e59b3a47950872534eff8a1e63/5/1/5112426_FKBF.jpg"
},
{
  "_id": {
    "$oid": "66f3a1f0d23ade1eec55f973"
  },
  "unique_id": "192271",
  "product_name": "Wasa Knäckebrot",
  "brand": "Wasa",
  "regular_price": 2.29,
  "selling_price": 2.29,
  "price_per_unit": "pro 260g, 275g | 100g = 0.89, 0.84 CHF",
  "breadcrumb": "Sortiment > Sortiment > Wasa Knäckebrot",
  "pdp_url": "https://sortiment.lidl.ch/de/wasa-knaeckebrot-0192271",
  "product_description": "Artikelnr.: 192271",
  "producthierarchy_level1": "Sortiment",
  "producthierarchy_level2": "Sortiment",
  "producthierarchy_level3": "Wasa Knäckebrot",
  "producthierarchy_level4": "",
  "producthierarchy_level5": "",
  "producthierarchy_level6": "",
  "producthierarchy_level7": "",
  "currency": "Swiss franc",
  "file_name_1": "192271_1.jpg",
  "image_url_1": "https://sortiment.lidl.ch/media/catalog/product/cache/38c728e59b3a47950872534eff8a1e63/1/9/192271_Rustikal_PSXX.jpg",
  "file_name_2": "192271_2.jpg",
  "image_url_2": "https://sortiment.lidl.ch/media/catalog/product/cache/38c728e59b3a47950872534eff8a1e63/1/9/192271_Vollkorn_PSXX.jpg"
},
{
  "_id": {
    "$oid": "66f3a1f2d23ade1eec55f974"
  },
  "unique_id": "1800437",
  "product_name": "Haribo Quaxi, Pfirsiche, Saure Goldbären",
  "brand": "Haribo",
  "regular_price": 2.39,
  "selling_price": 2.39,
  "price_per_unit": "pro 300g | 100g = 0.80 CHF",
  "breadcrumb": "Sortiment > Sortiment > Haribo Quaxi, Pfirsiche, Saure Goldbären",
  "pdp_url": "https://sortiment.lidl.ch/de/haribo-quaxi-pfirsiche-saure-goldbaeren-1800437",
  "product_description": "Artikelnr.: 1800437",
  "producthierarchy_level1": "Sortiment",
  "producthierarchy_level2": "Sortiment",
  "producthierarchy_level3": "Haribo Quaxi, Pfirsiche, Saure Goldbären",
  "producthierarchy_level4": "",
  "producthierarchy_level5": "",
  "producthierarchy_level6": "",
  "producthierarchy_level7": "",
  "currency": "Swiss franc",
  "file_name_1": "1800437_1.jpg",
  "image_url_1": "https://sortiment.lidl.ch/media/catalog/product/cache/38c728e59b3a47950872534eff8a1e63/1/8/1800437_Pfirsiche_PSXX.jpg",
  "file_name_2": "1800437_2.jpg",
  "image_url_2": "https://sortiment.lidl.ch/media/catalog/product/cache/38c728e59b3a47950872534eff8a1e63/1/8/1800437_Quaxi_PSXX.jpg",
  "file_name_3": "1800437_3.jpg",
  "image_url_3": "https://sortiment.lidl.ch/media/catalog/product/cache/38c728e59b3a47950872534eff8a1e63/1/8/1800437_Saure_Goldbaeren_PSXX.jpg"
},
{
  "_id": {
    "$oid": "66f3a1f3d23ade1eec55f975"
  },
  "unique_id": "5112033",
  "product_name": "Wiener Waffeln / Kokosmakronen",
  "brand": "Sondey",
  "regular_price": 2.79,
  "selling_price": 2.79,
  "price_per_unit": "pro 180g, 200g | 100g = 1.55, 1.40 CHF",
  "breadcrumb": "Sortiment > Sortiment > Wiener Waffeln / Kokosmakronen",
  "pdp_url": "https://sortiment.lidl.ch/de/wiener-waffeln-kokosmakronen-5112033",
  "product_description": "Artikelnr.: 5112033",
  "producthierarchy_level1": "Sortiment",
  "producthierarchy_level2": "Sortiment",
  "producthierarchy_level3": "Wiener Waffeln / Kokosmakronen",
  "producthierarchy_level4": "",
  "producthierarchy_level5": "",
  "producthierarchy_level6": "",
  "producthierarchy_level7": "",
  "currency": "Swiss franc",
  "file_name_1": "5112033_1.jpg",
  "image_url_1": "https://sortiment.lidl.ch/media/catalog/product/cache/38c728e59b3a47950872534eff8a1e63/5/1/5112033_sondey_Wienerwaffeln_PSXX.jpg"
},
{
  "_id": {
    "$oid": "66f3a1f5d23ade1eec55f976"
  },
  "unique_id": "5112025",
  "product_name": "Japonais / Truffine",
  "brand": "Sondey",
  "regular_price": 1.95,
  "selling_price": 1.95,
  "price_per_unit": "pro 100g, 115g | 100g = 1.95, 1.70 CHF",
  "breadcrumb": "Sortiment > Sortiment > Japonais / Truffine",
  "pdp_url": "https://sortiment.lidl.ch/de/japonais-truffine-5112025",
  "product_description": "Artikelnr.: 5112025",
  "producthierarchy_level1": "Sortiment",
  "producthierarchy_level2": "Sortiment",
  "producthierarchy_level3": "Japonais / Truffine",
  "producthierarchy_level4": "",
  "producthierarchy_level5": "",
  "producthierarchy_level6": "",
  "producthierarchy_level7": "",
  "currency": "Swiss franc",
  "file_name_1": "5112025_1.jpg",
  "image_url_1": "https://sortiment.lidl.ch/media/catalog/product/cache/38c728e59b3a47950872534eff8a1e63/5/1/5112025_Japonais_PSXX.jpg",
  "file_name_2": "5112025_2.jpg",
  "image_url_2": "https://sortiment.lidl.ch/media/catalog/product/cache/38c728e59b3a47950872534eff8a1e63/5/1/5112025_Truffine_PSXX.jpg"
},
{
  "_id": {
    "$oid": "66f3a1f7d23ade1eec55f977"
  },
  "unique_id": "193367",
  "product_name": "Bio Kokosnussmilch",
  "brand": "Freshona",
  "regular_price": 1.25,
  "selling_price": 1.25,
  "price_per_unit": "pro 250ml | 1L = 5.00 CHF",
  "breadcrumb": "Sortiment > Sortiment > Bio Kokosnussmilch",
  "pdp_url": "https://sortiment.lidl.ch/de/bio-kokosnussmilch-0193367",
  "product_description": "Artikelnr.: 193367",
  "producthierarchy_level1": "Sortiment",
  "producthierarchy_level2": "Sortiment",
  "producthierarchy_level3": "Bio Kokosnussmilch",
  "producthierarchy_level4": "",
  "producthierarchy_level5": "",
  "producthierarchy_level6": "",
  "producthierarchy_level7": "",
  "currency": "Swiss franc",
  "file_name_1": "193367_1.jpg",
  "image_url_1": "https://sortiment.lidl.ch/media/catalog/product/cache/38c728e59b3a47950872534eff8a1e63/1/9/193367_PSXX.jpg"
},
{
  "_id": {
    "$oid": "66f3a1f8d23ade1eec55f978"
  },
  "unique_id": "5011276",
  "product_name": "Vegane Rostbratwürstli",
  "brand": "Vemondo",
  "regular_price": 2.69,
  "selling_price": 2.69,
  "price_per_unit": "pro 180g | 100g = 1.50 CHF",
  "breadcrumb": "Sortiment > Sortiment > Vegane Rostbratwürstli",
  "pdp_url": "https://sortiment.lidl.ch/de/vegane-rostbratwuerstli-5011276",
  "product_description": "Artikelnr.: 5011276",
  "producthierarchy_level1": "Sortiment",
  "producthierarchy_level2": "Sortiment",
  "producthierarchy_level3": "Vegane Rostbratwürstli",
  "producthierarchy_level4": "",
  "producthierarchy_level5": "",
  "producthierarchy_level6": "",
  "producthierarchy_level7": "",
  "currency": "Swiss franc",
  "file_name_1": "5011276_1.jpg",
  "image_url_1": "https://sortiment.lidl.ch/media/catalog/product/cache/38c728e59b3a47950872534eff8a1e63/5/0/5011276_PSXX.jpg"
},
{
  "_id": {
    "$oid": "66f3a1fad23ade1eec55f979"
  },
  "unique_id": "203799",
  "product_name": "Flüssige Handseife",
  "brand": "Cien",
  "regular_price": 1.15,
  "selling_price": 1.15,
  "price_per_unit": "pro 500ml | 1L = 2.30 CHF",
  "breadcrumb": "Sortiment > Sortiment > Flüssige Handseife",
  "pdp_url": "https://sortiment.lidl.ch/de/fluessige-handseife-0203799",
  "product_description": "Artikelnr.: 203799",
  "producthierarchy_level1": "Sortiment",
  "producthierarchy_level2": "Sortiment",
  "producthierarchy_level3": "Flüssige Handseife",
  "producthierarchy_level4": "",
  "producthierarchy_level5": "",
  "producthierarchy_level6": "",
  "producthierarchy_level7": "",
  "currency": "Swiss franc",
  "file_name_1": "203799_1.jpg",
  "image_url_1": "https://sortiment.lidl.ch/media/catalog/product/cache/38c728e59b3a47950872534eff8a1e63/2/0/203799_Mandelbluete_PSXX.jpg",
  "file_name_2": "203799_2.jpg",
  "image_url_2": "https://sortiment.lidl.ch/media/catalog/product/cache/38c728e59b3a47950872534eff8a1e63/2/0/203799_Milch_Honig_PSXX.jpg",
  "file_name_3": "203799_3.jpg",
  "image_url_3": "https://sortiment.lidl.ch/media/catalog/product/cache/38c728e59b3a47950872534eff8a1e63/2/0/203799_Olive_PSXX.jpg"
},
{
  "_id": {
    "$oid": "66f3a1fcd23ade1eec55f97a"
  },
  "unique_id": "203798",
  "product_name": "Flüssige Handseife",
  "brand": "Cien",
  "regular_price": 1.15,
  "selling_price": 1.15,
  "price_per_unit": "pro 500ml | 1L = 2.30 CHF",
  "breadcrumb": "Sortiment > Sortiment > Flüssige Handseife",
  "pdp_url": "https://sortiment.lidl.ch/de/fluessige-handseife-0203798",
  "product_description": "Artikelnr.: 203798",
  "producthierarchy_level1": "Sortiment",
  "producthierarchy_level2": "Sortiment",
  "producthierarchy_level3": "Flüssige Handseife",
  "producthierarchy_level4": "",
  "producthierarchy_level5": "",
  "producthierarchy_level6": "",
  "producthierarchy_level7": "",
  "currency": "Swiss franc",
  "file_name_1": "203798_1.jpg",
  "image_url_1": "https://sortiment.lidl.ch/media/catalog/product/cache/38c728e59b3a47950872534eff8a1e63/2/0/203798_Granatapfel_PSXX.jpg",
  "file_name_2": "203798_2.jpg",
  "image_url_2": "https://sortiment.lidl.ch/media/catalog/product/cache/38c728e59b3a47950872534eff8a1e63/2/0/203798_Holunder_PSXX.jpg"
},
{
  "_id": {
    "$oid": "66f3a1fdd23ade1eec55f97b"
  },
  "unique_id": "198241",
  "product_name": "Nivea Creme",
  "brand": "Nivea",
  "regular_price": 7.59,
  "selling_price": 7.59,
  "price_per_unit": "pro 375ml, 400ml | 1L = 20.24, 18.98 CHF",
  "breadcrumb": "Sortiment > Sortiment > Nivea Creme",
  "pdp_url": "https://sortiment.lidl.ch/de/nivea-creme-0198241",
  "product_description": "Artikelnr.: 198241",
  "producthierarchy_level1": "Sortiment",
  "producthierarchy_level2": "Sortiment",
  "producthierarchy_level3": "Nivea Creme",
  "producthierarchy_level4": "",
  "producthierarchy_level5": "",
  "producthierarchy_level6": "",
  "producthierarchy_level7": "",
  "currency": "Swiss franc",
  "file_name_1": "198241_1.jpg",
  "image_url_1": "https://sortiment.lidl.ch/media/catalog/product/cache/38c728e59b3a47950872534eff8a1e63/1/9/198241_Classic_PSXX.jpg",
  "file_name_2": "198241_2.jpg",
  "image_url_2": "https://sortiment.lidl.ch/media/catalog/product/cache/38c728e59b3a47950872534eff8a1e63/1/9/198241_PSXX.jpg"
},
{
  "_id": {
    "$oid": "66f3a1ffd23ade1eec55f97c"
  },
  "unique_id": "119419",
  "product_name": "Bio Ravioli / Bio Tortelloni",
  "brand": "Chef Select",
  "regular_price": 2.49,
  "selling_price": 2.49,
  "price_per_unit": "pro 250g | 100g = 1.00 CHF",
  "breadcrumb": "Sortiment > Sortiment > Bio Ravioli / Bio Tortelloni",
  "pdp_url": "https://sortiment.lidl.ch/de/bio-ravioli-bio-tortelloni-0119419",
  "product_description": "Artikelnr.: 119419",
  "producthierarchy_level1": "Sortiment",
  "producthierarchy_level2": "Sortiment",
  "producthierarchy_level3": "Bio Ravioli / Bio Tortelloni",
  "producthierarchy_level4": "",
  "producthierarchy_level5": "",
  "producthierarchy_level6": "",
  "producthierarchy_level7": "",
  "currency": "Swiss franc",
  "file_name_1": "119419_1.jpg",
  "image_url_1": "https://sortiment.lidl.ch/media/catalog/product/cache/38c728e59b3a47950872534eff8a1e63/1/1/119419_Cheese_PSXX.jpg",
  "file_name_2": "119419_2.jpg",
  "image_url_2": "https://sortiment.lidl.ch/media/catalog/product/cache/38c728e59b3a47950872534eff8a1e63/1/1/119419_RicottaSpinach_PSXX.jpg",
  "file_name_3": "119419_3.jpg",
  "image_url_3": "https://sortiment.lidl.ch/media/catalog/product/cache/38c728e59b3a47950872534eff8a1e63/1/1/119419_TomatenMozzarella_PSXX.jpg"
},
{
  "_id": {
    "$oid": "66f3a200d23ade1eec55f97d"
  },
  "unique_id": "118593",
  "product_name": "Curly Fries",
  "brand": "Harvest Basket",
  "regular_price": 4.99,
  "selling_price": 4.99,
  "price_per_unit": "pro 750g | 100g = 0.67 CHF",
  "breadcrumb": "Sortiment > Sortiment > Curly Fries",
  "pdp_url": "https://sortiment.lidl.ch/de/curly-fries-0118593",
  "product_description": "Artikelnr.: 118593",
  "producthierarchy_level1": "Sortiment",
  "producthierarchy_level2": "Sortiment",
  "producthierarchy_level3": "Curly Fries",
  "producthierarchy_level4": "",
  "producthierarchy_level5": "",
  "producthierarchy_level6": "",
  "producthierarchy_level7": "",
  "currency": "Swiss franc",
  "file_name_1": "118593_1.jpg",
  "image_url_1": "https://sortiment.lidl.ch/media/amasty/amoptmobile/catalog/product/cache/38c728e59b3a47950872534eff8a1e63/1/1/118593_PSXX.jpg"
},
{
  "_id": {
    "$oid": "66f3a201d23ade1eec55f97e"
  },
  "unique_id": "5112044",
  "product_name": "Vollrahm 35% UHT",
  "brand": "Milbona",
  "regular_price": 2.09,
  "selling_price": 2.09,
  "price_per_unit": "pro 250ml | 100ML = 0.84 CHF",
  "breadcrumb": "Sortiment > Sortiment > Vollrahm 35% UHT",
  "pdp_url": "https://sortiment.lidl.ch/de/vollrahm-35-uht-5112044",
  "product_description": "Artikelnr.: 5112044",
  "producthierarchy_level1": "Sortiment",
  "producthierarchy_level2": "Sortiment",
  "producthierarchy_level3": "Vollrahm 35% UHT",
  "producthierarchy_level4": "",
  "producthierarchy_level5": "",
  "producthierarchy_level6": "",
  "producthierarchy_level7": "",
  "currency": "Swiss franc",
  "file_name_1": "5112044_1.jpg",
  "image_url_1": "https://sortiment.lidl.ch/media/catalog/product/cache/38c728e59b3a47950872534eff8a1e63/5/1/5112044_vollrahm_PSXX.jpg"
},
{
  "_id": {
    "$oid": "66f3a203d23ade1eec55f97f"
  },
  "unique_id": "5111992",
  "product_name": "Züribieter Eier Freilandhaltung",
  "brand": "Terra Natura",
  "regular_price": 3.29,
  "selling_price": 3.29,
  "price_per_unit": "pro 6 Stück | 1 Stk = 0.55 CHF",
  "breadcrumb": "Sortiment > Sortiment > Züribieter Eier Freilandhaltung",
  "pdp_url": "https://sortiment.lidl.ch/de/zueribieter-eier-freilandhaltung-5111992",
  "product_description": "Artikelnr.: 5111992",
  "producthierarchy_level1": "Sortiment",
  "producthierarchy_level2": "Sortiment",
  "producthierarchy_level3": "Züribieter Eier Freilandhaltung",
  "producthierarchy_level4": "",
  "producthierarchy_level5": "",
  "producthierarchy_level6": "",
  "producthierarchy_level7": "",
  "currency": "Swiss franc",
  "file_name_1": "5111992_1.jpg",
  "image_url_1": "https://sortiment.lidl.ch/media/catalog/product/cache/38c728e59b3a47950872534eff8a1e63/5/1/5111992_TN_Eier_Side_PSXX.jpg",
  "file_name_2": "5111992_2.jpg",
  "image_url_2": "https://sortiment.lidl.ch/media/catalog/product/cache/38c728e59b3a47950872534eff8a1e63/5/1/5111992_TN_Eier_Top_PSXX.jpg"
},
{
  "_id": {
    "$oid": "66f3a204d23ade1eec55f980"
  },
  "unique_id": "190356",
  "product_name": "Alu-Kaffekapseln Viola Decaf",
  "brand": "Bellarom",
  "regular_price": 3.95,
  "selling_price": 3.95,
  "price_per_unit": "pro 20 Stück",
  "breadcrumb": "Sortiment > Sortiment > Alu-Kaffekapseln Viola Decaf",
  "pdp_url": "https://sortiment.lidl.ch/de/alu-kaffekapseln-viola-decaf-0190356",
  "product_description": "Artikelnr.: 190356",
  "producthierarchy_level1": "Sortiment",
  "producthierarchy_level2": "Sortiment",
  "producthierarchy_level3": "Alu-Kaffekapseln Viola Decaf",
  "producthierarchy_level4": "",
  "producthierarchy_level5": "",
  "producthierarchy_level6": "",
  "producthierarchy_level7": "",
  "currency": "Swiss franc",
  "file_name_1": "190356_1.jpg",
  "image_url_1": "https://sortiment.lidl.ch/media/catalog/product/cache/38c728e59b3a47950872534eff8a1e63/1/9/190356_PSXX.jpg"
},
{
  "_id": {
    "$oid": "66f3a205d23ade1eec55f981"
  },
  "unique_id": "207172",
  "product_name": "ASC Lachsfilet ganze Seite",
  "brand": "Fisher's Choice",
  "regular_price": 19.99,
  "selling_price": 19.99,
  "price_per_unit": "pro 750g | 100g = 2.67 CHF",
  "breadcrumb": "Sortiment > Sortiment > ASC Lachsfilet ganze Seite",
  "pdp_url": "https://sortiment.lidl.ch/de/asc-lachsfilet-ganze-seite-0207172",
  "product_description": "Artikelnr.: 207172",
  "producthierarchy_level1": "Sortiment",
  "producthierarchy_level2": "Sortiment",
  "producthierarchy_level3": "ASC Lachsfilet ganze Seite",
  "producthierarchy_level4": "",
  "producthierarchy_level5": "",
  "producthierarchy_level6": "",
  "producthierarchy_level7": "",
  "currency": "Swiss franc",
  "file_name_1": "207172_1.jpg",
  "image_url_1": "https://sortiment.lidl.ch/media/catalog/product/cache/38c728e59b3a47950872534eff8a1e63/2/0/207172_FKBF.jpg"
},
{
  "_id": {
    "$oid": "66f3a207d23ade1eec55f982"
  },
  "unique_id": "199386",
  "product_name": "Eco Permanent Tragetasche",
  "brand": "",
  "regular_price": 0.99,
  "selling_price": 0.99,
  "price_per_unit": "pro Stück",
  "breadcrumb": "Sortiment > Sortiment > Eco Permanent Tragetasche",
  "pdp_url": "https://sortiment.lidl.ch/de/eco-permanent-tragetasche-0199386",
  "product_description": "Artikelnr.: 199386",
  "producthierarchy_level1": "Sortiment",
  "producthierarchy_level2": "Sortiment",
  "producthierarchy_level3": "Eco Permanent Tragetasche",
  "producthierarchy_level4": "",
  "producthierarchy_level5": "",
  "producthierarchy_level6": "",
  "producthierarchy_level7": "",
  "currency": "Swiss franc",
  "file_name_1": "199386_1.jpg",
  "image_url_1": "https://sortiment.lidl.ch/media/catalog/product/cache/38c728e59b3a47950872534eff8a1e63/1/9/199386_PSXX.jpg"
},
{
  "_id": {
    "$oid": "66f3a208d23ade1eec55f983"
  },
  "unique_id": "167995",
  "product_name": "Pflanzenbasierter Weichspüler",
  "brand": "Doussy nature",
  "regular_price": 4.99,
  "selling_price": 4.99,
  "price_per_unit": "pro 2l | 1L = 2.50 CHF",
  "breadcrumb": "Sortiment > Sortiment > Pflanzenbasierter Weichspüler",
  "pdp_url": "https://sortiment.lidl.ch/de/pflanzenbasierter-weichspueler-0167995",
  "product_description": "Artikelnr.: 167995",
  "producthierarchy_level1": "Sortiment",
  "producthierarchy_level2": "Sortiment",
  "producthierarchy_level3": "Pflanzenbasierter Weichspüler",
  "producthierarchy_level4": "",
  "producthierarchy_level5": "",
  "producthierarchy_level6": "",
  "producthierarchy_level7": "",
  "currency": "Swiss franc",
  "file_name_1": "167995_1.jpg",
  "image_url_1": "https://sortiment.lidl.ch/media/catalog/product/cache/38c728e59b3a47950872534eff8a1e63/1/6/167995_Granatapfel_PSXX.jpg",
  "file_name_2": "167995_2.jpg",
  "image_url_2": "https://sortiment.lidl.ch/media/catalog/product/cache/38c728e59b3a47950872534eff8a1e63/1/6/167995_Mandelmilch_PSXX.jpg"
},
{
  "_id": {
    "$oid": "66f3a20ad23ade1eec55f984"
  },
  "unique_id": "176145",
  "product_name": "Vegane Schokolade Crunchy Nut",
  "brand": "Vemondo",
  "regular_price": 1.99,
  "selling_price": 1.99,
  "price_per_unit": "pro 180g | 100g = 1.11 CHF",
  "breadcrumb": "Sortiment > Sortiment > Vegane Schokolade Crunchy Nut",
  "pdp_url": "https://sortiment.lidl.ch/de/vegane-schokolade-crunchy-nut-0176145",
  "product_description": "Artikelnr.: 176145",
  "producthierarchy_level1": "Sortiment",
  "producthierarchy_level2": "Sortiment",
  "producthierarchy_level3": "Vegane Schokolade Crunchy Nut",
  "producthierarchy_level4": "",
  "producthierarchy_level5": "",
  "producthierarchy_level6": "",
  "producthierarchy_level7": "",
  "currency": "Swiss franc",
  "file_name_1": "176145_1.jpg",
  "image_url_1": "https://sortiment.lidl.ch/media/catalog/product/cache/38c728e59b3a47950872534eff8a1e63/1/7/176145_PSXX.jpg"
},
{
  "_id": {
    "$oid": "66f3a20bd23ade1eec55f985"
  },
  "unique_id": "195664",
  "product_name": "Duschgel blaue Frische",
  "brand": "Cien",
  "regular_price": 0.89,
  "selling_price": 0.89,
  "price_per_unit": "pro 750ml | 1L = 1.19 CHF",
  "breadcrumb": "Sortiment > Sortiment > Duschgel blaue Frische",
  "pdp_url": "https://sortiment.lidl.ch/de/duschgel-blaue-frische-0195664",
  "product_description": "Artikelnr.: 195664",
  "producthierarchy_level1": "Sortiment",
  "producthierarchy_level2": "Sortiment",
  "producthierarchy_level3": "Duschgel blaue Frische",
  "producthierarchy_level4": "",
  "producthierarchy_level5": "",
  "producthierarchy_level6": "",
  "producthierarchy_level7": "",
  "currency": "Swiss franc",
  "file_name_1": "195664_1.jpg",
  "image_url_1": "https://sortiment.lidl.ch/media/catalog/product/cache/38c728e59b3a47950872534eff8a1e63/1/9/195664_PSXX.jpg"
},
{
  "_id": {
    "$oid": "66f3a20dd23ade1eec55f986"
  },
  "unique_id": "92670",
  "product_name": "Katzennassnahrung in Gelee",
  "brand": "Coshida",
  "regular_price": 2.95,
  "selling_price": 2.95,
  "price_per_unit": "pro 12x100g | 100g = 0.25 CHF",
  "breadcrumb": "Sortiment > Sortiment > Katzennassnahrung in Gelee",
  "pdp_url": "https://sortiment.lidl.ch/de/katzennassnahrung-in-gelee-0092670",
  "product_description": "Artikelnr.: 92670",
  "producthierarchy_level1": "Sortiment",
  "producthierarchy_level2": "Sortiment",
  "producthierarchy_level3": "Katzennassnahrung in Gelee",
  "producthierarchy_level4": "",
  "producthierarchy_level5": "",
  "producthierarchy_level6": "",
  "producthierarchy_level7": "",
  "currency": "Swiss franc",
  "file_name_1": "92670_1.jpg",
  "image_url_1": "https://sortiment.lidl.ch/media/catalog/product/cache/38c728e59b3a47950872534eff8a1e63/9/2/92670_PSXX.jpg"
},
{
  "_id": {
    "$oid": "66f3a20ed23ade1eec55f987"
  },
  "unique_id": "92655",
  "product_name": "Katzennassnahrung Stückchen in Sauce",
  "brand": "Coshida",
  "regular_price": 2.95,
  "selling_price": 2.95,
  "price_per_unit": "pro 12x100g | 100g = 0.25 CHF",
  "breadcrumb": "Sortiment > Sortiment > Katzennassnahrung Stückchen in Sauce",
  "pdp_url": "https://sortiment.lidl.ch/de/katzennassnahrung-stueckchen-in-sauce-0092655",
  "product_description": "Artikelnr.: 92655",
  "producthierarchy_level1": "Sortiment",
  "producthierarchy_level2": "Sortiment",
  "producthierarchy_level3": "Katzennassnahrung Stückchen in Sauce",
  "producthierarchy_level4": "",
  "producthierarchy_level5": "",
  "producthierarchy_level6": "",
  "producthierarchy_level7": "",
  "currency": "Swiss franc",
  "file_name_1": "92655_1.jpg",
  "image_url_1": "https://sortiment.lidl.ch/media/catalog/product/cache/38c728e59b3a47950872534eff8a1e63/9/2/92655_PSXX.jpg"
},
{
  "_id": {
    "$oid": "66f3a20fd23ade1eec55f988"
  },
  "unique_id": "149933",
  "product_name": "Kaffeekapseln Ristretto Espresso",
  "brand": "Bellarom",
  "regular_price": 6.89,
  "selling_price": 6.89,
  "price_per_unit": "pro 44 Stück",
  "breadcrumb": "Sortiment > Sortiment > Kaffeekapseln Ristretto Espresso",
  "pdp_url": "https://sortiment.lidl.ch/de/kaffeekapseln-ristretto-espresso-0149933",
  "product_description": "Artikelnr.: 149933",
  "producthierarchy_level1": "Sortiment",
  "producthierarchy_level2": "Sortiment",
  "producthierarchy_level3": "Kaffeekapseln Ristretto Espresso",
  "producthierarchy_level4": "",
  "producthierarchy_level5": "",
  "producthierarchy_level6": "",
  "producthierarchy_level7": "",
  "currency": "Swiss franc",
  "file_name_1": "149933_1.jpg",
  "image_url_1": "https://sortiment.lidl.ch/media/catalog/product/cache/38c728e59b3a47950872534eff8a1e63/1/4/149933_PSXX.jpg"
},
{
  "_id": {
    "$oid": "66f3a211d23ade1eec55f989"
  },
  "unique_id": "5111991",
  "product_name": "Ostschweizer Eier Freilandhaltung",
  "brand": "Terra Natura",
  "regular_price": 3.29,
  "selling_price": 3.29,
  "price_per_unit": "pro 6 Stück | 1 Stk = 0.55 CHF",
  "breadcrumb": "Sortiment > Sortiment > Ostschweizer Eier Freilandhaltung",
  "pdp_url": "https://sortiment.lidl.ch/de/ostschweizer-eier-freilandhaltung-5111991",
  "product_description": "Artikelnr.: 5111991",
  "producthierarchy_level1": "Sortiment",
  "producthierarchy_level2": "Sortiment",
  "producthierarchy_level3": "Ostschweizer Eier Freilandhaltung",
  "producthierarchy_level4": "",
  "producthierarchy_level5": "",
  "producthierarchy_level6": "",
  "producthierarchy_level7": "",
  "currency": "Swiss franc",
  "file_name_1": "5111991_1.jpg",
  "image_url_1": "https://sortiment.lidl.ch/media/catalog/product/cache/38c728e59b3a47950872534eff8a1e63/5/1/5111991_TN_Eier_Side_PSXX.jpg",
  "file_name_2": "5111991_2.jpg",
  "image_url_2": "https://sortiment.lidl.ch/media/catalog/product/cache/38c728e59b3a47950872534eff8a1e63/5/1/5111991_TN_Eier_Top_PSXX.jpg"
},
{
  "_id": {
    "$oid": "66f3a212d23ade1eec55f98a"
  },
  "unique_id": "214378",
  "product_name": "ASC Lachsfilet mit Haut",
  "brand": "Fisher's Choice",
  "regular_price": 7.45,
  "selling_price": 7.45,
  "price_per_unit": "pro 2x125g | 100g = 2.98 CHF",
  "breadcrumb": "Sortiment > Sortiment > ASC Lachsfilet mit Haut",
  "pdp_url": "https://sortiment.lidl.ch/de/asc-lachsfilet-mit-haut-0214378",
  "product_description": "Artikelnr.: 214378",
  "producthierarchy_level1": "Sortiment",
  "producthierarchy_level2": "Sortiment",
  "producthierarchy_level3": "ASC Lachsfilet mit Haut",
  "producthierarchy_level4": "",
  "producthierarchy_level5": "",
  "producthierarchy_level6": "",
  "producthierarchy_level7": "",
  "currency": "Swiss franc",
  "file_name_1": "214378_1.jpg",
  "image_url_1": "https://sortiment.lidl.ch/media/catalog/product/cache/38c728e59b3a47950872534eff8a1e63/2/1/214378_FKBF.jpg"
},
{
  "_id": {
    "$oid": "66f3a213d23ade1eec55f98b"
  },
  "unique_id": "116809",
  "product_name": "Bio Cafè Crema Fairtrade",
  "brand": "Fairglobe",
  "regular_price": 14.99,
  "selling_price": 14.99,
  "price_per_unit": "pro 1000g",
  "breadcrumb": "Sortiment > Sortiment > Bio Cafè Crema Fairtrade",
  "pdp_url": "https://sortiment.lidl.ch/de/bio-cafe-crema-fairtrade-0116809",
  "product_description": "Artikelnr.: 116809",
  "producthierarchy_level1": "Sortiment",
  "producthierarchy_level2": "Sortiment",
  "producthierarchy_level3": "Bio Cafè Crema Fairtrade",
  "producthierarchy_level4": "",
  "producthierarchy_level5": "",
  "producthierarchy_level6": "",
  "producthierarchy_level7": "",
  "currency": "Swiss franc",
  "file_name_1": "116809_1.jpg",
  "image_url_1": "https://sortiment.lidl.ch/media/catalog/product/cache/38c728e59b3a47950872534eff8a1e63/1/1/116809_PSXX.jpg"
},
{
  "_id": {
    "$oid": "66f3a214d23ade1eec55f98c"
  },
  "unique_id": "7714657",
  "product_name": "IronMaxx Whey Proteinpulver",
  "brand": "IronMaxx",
  "regular_price": 19.99,
  "selling_price": 19.99,
  "price_per_unit": "pro 500g | 100g = 4.00 CHF",
  "breadcrumb": "Sortiment > Sortiment > IronMaxx Whey Proteinpulver",
  "pdp_url": "https://sortiment.lidl.ch/de/ironmaxx-whey-proteinpulver-7714657",
  "product_description": "Artikelnr.: 7714657",
  "producthierarchy_level1": "Sortiment",
  "producthierarchy_level2": "Sortiment",
  "producthierarchy_level3": "IronMaxx Whey Proteinpulver",
  "producthierarchy_level4": "",
  "producthierarchy_level5": "",
  "producthierarchy_level6": "",
  "producthierarchy_level7": "",
  "currency": "Swiss franc",
  "file_name_1": "7714657_1.jpg",
  "image_url_1": "https://sortiment.lidl.ch/media/catalog/product/cache/38c728e59b3a47950872534eff8a1e63/7/7/7714657_PSXX.jpg"
},
{
  "_id": {
    "$oid": "66f3a216d23ade1eec55f98d"
  },
  "unique_id": "212333",
  "product_name": "Tic Tac",
  "brand": "Tic Tac",
  "regular_price": 1.99,
  "selling_price": 1.99,
  "price_per_unit": "pro 54g | 100g = 3.69 CHF",
  "breadcrumb": "Sortiment > Sortiment > Tic Tac",
  "pdp_url": "https://sortiment.lidl.ch/de/tic-tac-0212333",
  "product_description": "Artikelnr.: 212333",
  "producthierarchy_level1": "Sortiment",
  "producthierarchy_level2": "Sortiment",
  "producthierarchy_level3": "Tic Tac",
  "producthierarchy_level4": "",
  "producthierarchy_level5": "",
  "producthierarchy_level6": "",
  "producthierarchy_level7": "",
  "currency": "Swiss franc",
  "file_name_1": "212333_1.jpg",
  "image_url_1": "https://sortiment.lidl.ch/media/catalog/product/cache/38c728e59b3a47950872534eff8a1e63/2/1/212333_FreshMint_PSXX.jpg",
  "file_name_2": "212333_2.jpg",
  "image_url_2": "https://sortiment.lidl.ch/media/catalog/product/cache/38c728e59b3a47950872534eff8a1e63/2/1/212333_FreshOrange_PSXX.jpg",
  "file_name_3": "212333_3.jpg",
  "image_url_3": "https://sortiment.lidl.ch/media/catalog/product/cache/38c728e59b3a47950872534eff8a1e63/2/1/212333_FruityMix_PSXX.jpg"
},
{
  "_id": {
    "$oid": "66f3a217d23ade1eec55f98e"
  },
  "unique_id": "202708",
  "product_name": "Energy Drink Kokos-Blaubeere",
  "brand": "KONG STRONG",
  "regular_price": 0.55,
  "selling_price": 0.55,
  "price_per_unit": "pro 0,25l | 1L = 2.20 CHF",
  "breadcrumb": "Sortiment > Sortiment > Energy Drink Kokos-Blaubeere",
  "pdp_url": "https://sortiment.lidl.ch/de/energy-drink-kokos-blaubeere-0202708",
  "product_description": "Artikelnr.: 202708",
  "producthierarchy_level1": "Sortiment",
  "producthierarchy_level2": "Sortiment",
  "producthierarchy_level3": "Energy Drink Kokos-Blaubeere",
  "producthierarchy_level4": "",
  "producthierarchy_level5": "",
  "producthierarchy_level6": "",
  "producthierarchy_level7": "",
  "currency": "Swiss franc",
  "file_name_1": "202708_1.jpg",
  "image_url_1": "https://sortiment.lidl.ch/media/catalog/product/cache/38c728e59b3a47950872534eff8a1e63/2/0/202708_PSXX.jpg"
},
{
  "_id": {
    "$oid": "66f3a218d23ade1eec55f98f"
  },
  "unique_id": "149951",
  "product_name": "Kaffeekapseln Viola Espresso",
  "brand": "Bellarom",
  "regular_price": 6.89,
  "selling_price": 6.89,
  "price_per_unit": "pro 44 Stück",
  "breadcrumb": "Sortiment > Sortiment > Kaffeekapseln Viola Espresso",
  "pdp_url": "https://sortiment.lidl.ch/de/kaffeekapseln-viola-espresso-0149951",
  "product_description": "Artikelnr.: 149951",
  "producthierarchy_level1": "Sortiment",
  "producthierarchy_level2": "Sortiment",
  "producthierarchy_level3": "Kaffeekapseln Viola Espresso",
  "producthierarchy_level4": "",
  "producthierarchy_level5": "",
  "producthierarchy_level6": "",
  "producthierarchy_level7": "",
  "currency": "Swiss franc",
  "file_name_1": "149951_1.jpg",
  "image_url_1": "https://sortiment.lidl.ch/media/catalog/product/cache/38c728e59b3a47950872534eff8a1e63/1/4/149951_PSXX.jpg"
},
{
  "_id": {
    "$oid": "66f3a219d23ade1eec55f990"
  },
  "unique_id": "5112327",
  "product_name": "Frischer Apfelsaft",
  "brand": "Solevita",
  "regular_price": 1.95,
  "selling_price": 1.95,
  "price_per_unit": "pro 1000ml",
  "breadcrumb": "Sortiment > Sortiment > Frischer Apfelsaft",
  "pdp_url": "https://sortiment.lidl.ch/de/frischer-apfelsaft-5112327",
  "product_description": "Artikelnr.: 5112327",
  "producthierarchy_level1": "Sortiment",
  "producthierarchy_level2": "Sortiment",
  "producthierarchy_level3": "Frischer Apfelsaft",
  "producthierarchy_level4": "",
  "producthierarchy_level5": "",
  "producthierarchy_level6": "",
  "producthierarchy_level7": "",
  "currency": "Swiss franc",
  "file_name_1": "5112327_1.jpg",
  "image_url_1": "https://sortiment.lidl.ch/media/catalog/product/cache/38c728e59b3a47950872534eff8a1e63/5/1/5112327_Solevita_Apfel_Naturtrueb_PSXX.jpg"
},
{
  "_id": {
    "$oid": "66f3a21ad23ade1eec55f991"
  },
  "unique_id": "200113",
  "product_name": "Waldfrucht-/ Beeren-Tee",
  "brand": "Lord Nelson",
  "regular_price": 1.19,
  "selling_price": 1.19,
  "price_per_unit": "pro 20x3g | 100g = 1.99 CHF",
  "breadcrumb": "Sortiment > Sortiment > Waldfrucht-/ Beeren-Tee",
  "pdp_url": "https://sortiment.lidl.ch/de/waldfrucht-beeren-tee-0200113",
  "product_description": "Artikelnr.: 200113",
  "producthierarchy_level1": "Sortiment",
  "producthierarchy_level2": "Sortiment",
  "producthierarchy_level3": "Waldfrucht-/ Beeren-Tee",
  "producthierarchy_level4": "",
  "producthierarchy_level5": "",
  "producthierarchy_level6": "",
  "producthierarchy_level7": "",
  "currency": "Swiss franc",
  "file_name_1": "200113_1.jpg",
  "image_url_1": "https://sortiment.lidl.ch/media/catalog/product/cache/38c728e59b3a47950872534eff8a1e63/2/0/200113_Erdbeere_PSXX.jpg",
  "file_name_2": "200113_2.jpg",
  "image_url_2": "https://sortiment.lidl.ch/media/catalog/product/cache/38c728e59b3a47950872534eff8a1e63/2/0/200113_Waldfrucht_PSXX.jpg"
},
{
  "_id": {
    "$oid": "66f3a21cd23ade1eec55f992"
  },
  "unique_id": "123703",
  "product_name": "Ayran Joghurt-Getränk",
  "brand": "Milbona",
  "regular_price": 0.59,
  "selling_price": 0.59,
  "price_per_unit": "pro 250ml | 1L = 2.36 CHF",
  "breadcrumb": "Sortiment > Sortiment > Ayran Joghurt-Getränk",
  "pdp_url": "https://sortiment.lidl.ch/de/ayran-joghurt-getraenk-0123703",
  "product_description": "Artikelnr.: 123703",
  "producthierarchy_level1": "Sortiment",
  "producthierarchy_level2": "Sortiment",
  "producthierarchy_level3": "Ayran Joghurt-Getränk",
  "producthierarchy_level4": "",
  "producthierarchy_level5": "",
  "producthierarchy_level6": "",
  "producthierarchy_level7": "",
  "currency": "Swiss franc",
  "file_name_1": "123703_1.jpg",
  "image_url_1": "https://sortiment.lidl.ch/media/catalog/product/cache/38c728e59b3a47950872534eff8a1e63/1/2/123703_PSXX.jpg"
},
{
  "_id": {
    "$oid": "66f3a21dd23ade1eec55f993"
  },
  "unique_id": "5106715",
  "product_name": "Carpaccio",
  "brand": "Deluxe",
  "regular_price": 4.85,
  "selling_price": 4.85,
  "price_per_unit": "pro 80g | 100g = 6.07 CHF",
  "breadcrumb": "Sortiment > Sortiment > Carpaccio",
  "pdp_url": "https://sortiment.lidl.ch/de/carpaccio-5106715",
  "product_description": "Artikelnr.: 5106715",
  "producthierarchy_level1": "Sortiment",
  "producthierarchy_level2": "Sortiment",
  "producthierarchy_level3": "Carpaccio",
  "producthierarchy_level4": "",
  "producthierarchy_level5": "",
  "producthierarchy_level6": "",
  "producthierarchy_level7": "",
  "currency": "Swiss franc",
  "file_name_1": "5106715_1.jpg",
  "image_url_1": "https://sortiment.lidl.ch/media/catalog/product/cache/38c728e59b3a47950872534eff8a1e63/5/1/5106715_FKBF.jpg"
},
{
  "_id": {
    "$oid": "66f3a21fd23ade1eec55f994"
  },
  "unique_id": "5106714",
  "product_name": "Vitello Tonnato",
  "brand": "Deluxe",
  "regular_price": 4.85,
  "selling_price": 4.85,
  "price_per_unit": "pro 140g | 100g = 3.47 CHF",
  "breadcrumb": "Sortiment > Sortiment > Vitello Tonnato",
  "pdp_url": "https://sortiment.lidl.ch/de/vitello-tonnato-5106714",
  "product_description": "Artikelnr.: 5106714",
  "producthierarchy_level1": "Sortiment",
  "producthierarchy_level2": "Sortiment",
  "producthierarchy_level3": "Vitello Tonnato",
  "producthierarchy_level4": "",
  "producthierarchy_level5": "",
  "producthierarchy_level6": "",
  "producthierarchy_level7": "",
  "currency": "Swiss franc",
  "file_name_1": "5106714_1.jpg",
  "image_url_1": "https://sortiment.lidl.ch/media/catalog/product/cache/38c728e59b3a47950872534eff8a1e63/5/1/5106714_FKBF.jpg",
  "file_name_2": "5106714_2.jpg",
  "image_url_2": "https://sortiment.lidl.ch/media/catalog/product/cache/38c728e59b3a47950872534eff8a1e63/5/1/5106714_PSXX.jpg"
},
{
  "_id": {
    "$oid": "66f3a220d23ade1eec55f995"
  },
  "unique_id": "178111",
  "product_name": "Kaffeekapseln Forte Lungo",
  "brand": "Bellarom",
  "regular_price": 6.89,
  "selling_price": 6.89,
  "price_per_unit": "pro 44 Stück",
  "breadcrumb": "Sortiment > Sortiment > Kaffeekapseln Forte Lungo",
  "pdp_url": "https://sortiment.lidl.ch/de/kaffeekapseln-forte-lungo-0178111",
  "product_description": "Artikelnr.: 178111",
  "producthierarchy_level1": "Sortiment",
  "producthierarchy_level2": "Sortiment",
  "producthierarchy_level3": "Kaffeekapseln Forte Lungo",
  "producthierarchy_level4": "",
  "producthierarchy_level5": "",
  "producthierarchy_level6": "",
  "producthierarchy_level7": "",
  "currency": "Swiss franc",
  "file_name_1": "178111_1.jpg",
  "image_url_1": "https://sortiment.lidl.ch/media/catalog/product/cache/38c728e59b3a47950872534eff8a1e63/1/7/178111_PSXX.jpg"
},
{
  "_id": {
    "$oid": "66f3a221d23ade1eec55f996"
  },
  "unique_id": "5112009",
  "product_name": "Gärtnersalat",
  "brand": "Terra Natura",
  "regular_price": 1.59,
  "selling_price": 1.59,
  "price_per_unit": "pro 250g | 100g = 0.64 CHF",
  "breadcrumb": "Sortiment > Sortiment > Gärtnersalat",
  "pdp_url": "https://sortiment.lidl.ch/de/gaertnersalat-5112009",
  "product_description": "Artikelnr.: 5112009",
  "producthierarchy_level1": "Sortiment",
  "producthierarchy_level2": "Sortiment",
  "producthierarchy_level3": "Gärtnersalat",
  "producthierarchy_level4": "",
  "producthierarchy_level5": "",
  "producthierarchy_level6": "",
  "producthierarchy_level7": "",
  "currency": "Swiss franc",
  "file_name_1": "5112009_1.jpg",
  "image_url_1": "https://sortiment.lidl.ch/media/catalog/product/cache/38c728e59b3a47950872534eff8a1e63/5/1/5112009_gaertnersalat_PSXX.jpg"
},
{
  "_id": {
    "$oid": "66f3a223d23ade1eec55f997"
  },
  "unique_id": "159579",
  "product_name": "Californische Pistazien",
  "brand": "Alesto",
  "regular_price": 3.99,
  "selling_price": 3.99,
  "price_per_unit": "pro 250g | 100g = 1.60 CHF",
  "breadcrumb": "Sortiment > Sortiment > Californische Pistazien",
  "pdp_url": "https://sortiment.lidl.ch/de/californische-pistazien-0159579",
  "product_description": "Artikelnr.: 159579",
  "producthierarchy_level1": "Sortiment",
  "producthierarchy_level2": "Sortiment",
  "producthierarchy_level3": "Californische Pistazien",
  "producthierarchy_level4": "",
  "producthierarchy_level5": "",
  "producthierarchy_level6": "",
  "producthierarchy_level7": "",
  "currency": "Swiss franc",
  "file_name_1": "159579_1.jpg",
  "image_url_1": "https://sortiment.lidl.ch/media/catalog/product/cache/38c728e59b3a47950872534eff8a1e63/1/5/159579_PSXX.jpg"
},
{
  "_id": {
    "$oid": "66f3a224d23ade1eec55f998"
  },
  "unique_id": "79337",
  "product_name": "Tomatenketchup",
  "brand": "Kania",
  "regular_price": 1.59,
  "selling_price": 1.59,
  "price_per_unit": "pro 500ml | 1L = 3.18 CHF",
  "breadcrumb": "Sortiment > Sortiment > Tomatenketchup",
  "pdp_url": "https://sortiment.lidl.ch/de/tomatenketchup-0079337",
  "product_description": "Artikelnr.: 79337",
  "producthierarchy_level1": "Sortiment",
  "producthierarchy_level2": "Sortiment",
  "producthierarchy_level3": "Tomatenketchup",
  "producthierarchy_level4": "",
  "producthierarchy_level5": "",
  "producthierarchy_level6": "",
  "producthierarchy_level7": "",
  "currency": "Swiss franc",
  "file_name_1": "79337_1.jpg",
  "image_url_1": "https://sortiment.lidl.ch/media/catalog/product/cache/38c728e59b3a47950872534eff8a1e63/7/9/79337_PSXX.jpg"
},
{
  "_id": {
    "$oid": "66f3a226d23ade1eec55f999"
  },
  "unique_id": "5112042",
  "product_name": "Halbrahm 25% UHT",
  "brand": "Milbona",
  "regular_price": 1.59,
  "selling_price": 1.59,
  "price_per_unit": "pro 250ml | 100ML = 0.64 CHF",
  "breadcrumb": "Sortiment > Sortiment > Halbrahm 25% UHT",
  "pdp_url": "https://sortiment.lidl.ch/de/halbrahm-25-uht-5112042",
  "product_description": "Artikelnr.: 5112042",
  "producthierarchy_level1": "Sortiment",
  "producthierarchy_level2": "Sortiment",
  "producthierarchy_level3": "Halbrahm 25% UHT",
  "producthierarchy_level4": "",
  "producthierarchy_level5": "",
  "producthierarchy_level6": "",
  "producthierarchy_level7": "",
  "currency": "Swiss franc",
  "file_name_1": "5112042_1.jpg",
  "image_url_1": "https://sortiment.lidl.ch/media/catalog/product/cache/38c728e59b3a47950872534eff8a1e63/5/1/5112042_PSXX.jpg"
},
{
  "_id": {
    "$oid": "66f3a227d23ade1eec55f99a"
  },
  "unique_id": "1800460",
  "product_name": "Pringles Chips",
  "brand": "Pringles",
  "regular_price": 3.29,
  "selling_price": 3.29,
  "price_per_unit": "pro 185g | 100g = 1.78 CHF",
  "breadcrumb": "Sortiment > Sortiment > Pringles Chips",
  "pdp_url": "https://sortiment.lidl.ch/de/pringles-chips-1800460",
  "product_description": "Artikelnr.: 1800460",
  "producthierarchy_level1": "Sortiment",
  "producthierarchy_level2": "Sortiment",
  "producthierarchy_level3": "Pringles Chips",
  "producthierarchy_level4": "",
  "producthierarchy_level5": "",
  "producthierarchy_level6": "",
  "producthierarchy_level7": "",
  "currency": "Swiss franc",
  "file_name_1": "1800460_1.jpg",
  "image_url_1": "https://sortiment.lidl.ch/media/catalog/product/cache/38c728e59b3a47950872534eff8a1e63/1/8/1800460_ClassicPaprika_PSXX.jpg",
  "file_name_2": "1800460_2.jpg",
  "image_url_2": "https://sortiment.lidl.ch/media/catalog/product/cache/38c728e59b3a47950872534eff8a1e63/1/8/1800460_HotSpicy_PSXX.jpg",
  "file_name_3": "1800460_3.jpg",
  "image_url_3": "https://sortiment.lidl.ch/media/catalog/product/cache/38c728e59b3a47950872534eff8a1e63/1/8/1800460_Original_PSXX.jpg",
  "file_name_4": "1800460_4.jpg",
  "image_url_4": "https://sortiment.lidl.ch/media/catalog/product/cache/38c728e59b3a47950872534eff8a1e63/1/8/1800460_SourCream_Onion_PSXX.jpg"
},
{
  "_id": {
    "$oid": "66f3a229d23ade1eec55f99b"
  },
  "unique_id": "5111752",
  "product_name": "Schweizer Rahmspinat",
  "brand": "Freshona",
  "regular_price": 1.95,
  "selling_price": 1.95,
  "price_per_unit": "pro 750g | 100g = 0.26 CHF",
  "breadcrumb": "Sortiment > Sortiment > Schweizer Rahmspinat",
  "pdp_url": "https://sortiment.lidl.ch/de/schweizer-rahmspinat-5111752",
  "product_description": "Artikelnr.: 5111752",
  "producthierarchy_level1": "Sortiment",
  "producthierarchy_level2": "Sortiment",
  "producthierarchy_level3": "Schweizer Rahmspinat",
  "producthierarchy_level4": "",
  "producthierarchy_level5": "",
  "producthierarchy_level6": "",
  "producthierarchy_level7": "",
  "currency": "Swiss franc",
  "file_name_1": "5111752_1.jpg",
  "image_url_1": "https://sortiment.lidl.ch/media/catalog/product/cache/38c728e59b3a47950872534eff8a1e63/5/1/5111752_PSXX.jpg"
},
{
  "_id": {
    "$oid": "66f3a22ad23ade1eec55f99c"
  },
  "unique_id": "5112442",
  "product_name": "Halbweissbrot",
  "brand": "",
  "regular_price": 1.19,
  "selling_price": 1.19,
  "price_per_unit": "pro 500g | 100g = 0.24 CHF",
  "breadcrumb": "Sortiment > Sortiment > Halbweissbrot",
  "pdp_url": "https://sortiment.lidl.ch/de/halbweissbrot-5112442",
  "product_description": "Artikelnr.: 5112442 Weizenbrot. Zutaten: Weizenmehl, Wasser, Speisesalz jodiert, Hefe, Säuerungsmittel: Calciumacetat, getrockneter Sauerteig ( Weizen, Roggen ), Roggenmehl, Mehlbehandlungsmittel: Ascorbinsäure. Kann Spuren von Ei, Erdnüsse, Soja, Milch, Schalenfrüchte (Nüsse), Sellerie, Senf, Sesam und Sulfiten enthalten. Hergestellt in der Schweiz.",
  "producthierarchy_level1": "Sortiment",
  "producthierarchy_level2": "Sortiment",
  "producthierarchy_level3": "Halbweissbrot",
  "producthierarchy_level4": "",
  "producthierarchy_level5": "",
  "producthierarchy_level6": "",
  "producthierarchy_level7": "",
  "currency": "Swiss franc",
  "file_name_1": "5112442_1.jpg",
  "image_url_1": "https://sortiment.lidl.ch/media/catalog/product/cache/38c728e59b3a47950872534eff8a1e63/5/1/5112442_FKBF.jpg"
},
{
  "_id": {
    "$oid": "66f3a22bd23ade1eec55f99d"
  },
  "unique_id": "57873",
  "product_name": "Mini Riegel",
  "brand": "Mister Choc",
  "regular_price": 2.65,
  "selling_price": 2.65,
  "price_per_unit": "pro 350g | 100g = 0.76 CHF",
  "breadcrumb": "Sortiment > Sortiment > Mini Riegel",
  "pdp_url": "https://sortiment.lidl.ch/de/mini-riegel-0057873",
  "product_description": "Artikelnr.: 57873",
  "producthierarchy_level1": "Sortiment",
  "producthierarchy_level2": "Sortiment",
  "producthierarchy_level3": "Mini Riegel",
  "producthierarchy_level4": "",
  "producthierarchy_level5": "",
  "producthierarchy_level6": "",
  "producthierarchy_level7": "",
  "currency": "Swiss franc",
  "file_name_1": "57873_1.jpg",
  "image_url_1": "https://sortiment.lidl.ch/media/catalog/product/cache/38c728e59b3a47950872534eff8a1e63/5/7/57873_PSXX.jpg"
},
{
  "_id": {
    "$oid": "66f3a22dd23ade1eec55f99e"
  },
  "unique_id": "5112256",
  "product_name": "El Tony Mate",
  "brand": "El Tony",
  "regular_price": 1.89,
  "selling_price": 1.89,
  "price_per_unit": "pro 330ml | 1L = 5.73 CHF",
  "breadcrumb": "Sortiment > Sortiment > El Tony Mate",
  "pdp_url": "https://sortiment.lidl.ch/de/el-tony-mate-5112256",
  "product_description": "Artikelnr.: 5112256",
  "producthierarchy_level1": "Sortiment",
  "producthierarchy_level2": "Sortiment",
  "producthierarchy_level3": "El Tony Mate",
  "producthierarchy_level4": "",
  "producthierarchy_level5": "",
  "producthierarchy_level6": "",
  "producthierarchy_level7": "",
  "currency": "Swiss franc",
  "file_name_1": "5112256_1.jpg",
  "image_url_1": "https://sortiment.lidl.ch/media/catalog/product/cache/38c728e59b3a47950872534eff8a1e63/5/1/5112256_ED_PSXX.jpg"
},
{
  "_id": {
    "$oid": "66f3a22fd23ade1eec55f99f"
  },
  "unique_id": "5111996",
  "product_name": "Eier aus der Zentralschweiz",
  "brand": "Terra Natura",
  "regular_price": 3.29,
  "selling_price": 3.29,
  "price_per_unit": "pro 6 Stück | 1 Stk = 0.55 CHF",
  "breadcrumb": "Sortiment > Sortiment > Eier aus der Zentralschweiz",
  "pdp_url": "https://sortiment.lidl.ch/de/eier-aus-der-zentralschweiz-5111996",
  "product_description": "Artikelnr.: 5111996",
  "producthierarchy_level1": "Sortiment",
  "producthierarchy_level2": "Sortiment",
  "producthierarchy_level3": "Eier aus der Zentralschweiz",
  "producthierarchy_level4": "",
  "producthierarchy_level5": "",
  "producthierarchy_level6": "",
  "producthierarchy_level7": "",
  "currency": "Swiss franc",
  "file_name_1": "5111996_1.jpg",
  "image_url_1": "https://sortiment.lidl.ch/media/catalog/product/cache/38c728e59b3a47950872534eff8a1e63/5/1/5111996_PSXX.jpg"
},
{
  "_id": {
    "$oid": "66f3a230d23ade1eec55f9a0"
  },
  "unique_id": "138290",
  "product_name": "Schokoladenchunks",
  "brand": "Belbake",
  "regular_price": 1.99,
  "selling_price": 1.99,
  "price_per_unit": "pro 100g",
  "breadcrumb": "Sortiment > Sortiment > Schokoladenchunks",
  "pdp_url": "https://sortiment.lidl.ch/de/schokoladenchunks-0138290",
  "product_description": "Artikelnr.: 138290",
  "producthierarchy_level1": "Sortiment",
  "producthierarchy_level2": "Sortiment",
  "producthierarchy_level3": "Schokoladenchunks",
  "producthierarchy_level4": "",
  "producthierarchy_level5": "",
  "producthierarchy_level6": "",
  "producthierarchy_level7": "",
  "currency": "Swiss franc",
  "file_name_1": "138290_1.jpg",
  "image_url_1": "https://sortiment.lidl.ch/media/catalog/product/cache/38c728e59b3a47950872534eff8a1e63/1/3/138290_Dark_PSXX.jpg",
  "file_name_2": "138290_2.jpg",
  "image_url_2": "https://sortiment.lidl.ch/media/catalog/product/cache/38c728e59b3a47950872534eff8a1e63/1/3/138290_Milk_PSXX.jpg"
},
{
  "_id": {
    "$oid": "66f3a231d23ade1eec55f9a1"
  },
  "unique_id": "190850",
  "product_name": "Frische Limonade Limette-Zitrone",
  "brand": "Solevita",
  "regular_price": 1.99,
  "selling_price": 1.99,
  "price_per_unit": "pro 1l",
  "breadcrumb": "Sortiment > Sortiment > Frische Limonade Limette-Zitrone",
  "pdp_url": "https://sortiment.lidl.ch/de/frische-limonade-limette-zitrone-0190850",
  "product_description": "Artikelnr.: 190850",
  "producthierarchy_level1": "Sortiment",
  "producthierarchy_level2": "Sortiment",
  "producthierarchy_level3": "Frische Limonade Limette-Zitrone",
  "producthierarchy_level4": "",
  "producthierarchy_level5": "",
  "producthierarchy_level6": "",
  "producthierarchy_level7": "",
  "currency": "Swiss franc",
  "file_name_1": "190850_1.jpg",
  "image_url_1": "https://sortiment.lidl.ch/media/catalog/product/cache/38c728e59b3a47950872534eff8a1e63/1/9/190850_OrangeGrapefruit_PSXX.jpg",
  "file_name_2": "190850_2.jpg",
  "image_url_2": "https://sortiment.lidl.ch/media/catalog/product/cache/38c728e59b3a47950872534eff8a1e63/1/9/190850_Zitrone_PSXX.jpg"
},
{
  "_id": {
    "$oid": "66f3a233d23ade1eec55f9a2"
  },
  "unique_id": "206227",
  "product_name": "Piú Secco",
  "brand": "",
  "regular_price": 2.95,
  "selling_price": 2.95,
  "price_per_unit": "pro 0,75l | 1L = 3.94 CHF",
  "breadcrumb": "Sortiment > Sortiment > Piú Secco",
  "pdp_url": "https://sortiment.lidl.ch/de/piu-secco-0206227",
  "product_description": "Artikelnr.: 206227",
  "producthierarchy_level1": "Sortiment",
  "producthierarchy_level2": "Sortiment",
  "producthierarchy_level3": "Piú Secco",
  "producthierarchy_level4": "",
  "producthierarchy_level5": "",
  "producthierarchy_level6": "",
  "producthierarchy_level7": "",
  "currency": "Swiss franc",
  "file_name_1": "206227_1.jpg",
  "image_url_1": "https://sortiment.lidl.ch/media/catalog/product/cache/38c728e59b3a47950872534eff8a1e63/2/0/206227_PSWE.jpg"
},
{
  "_id": {
    "$oid": "66f3a234d23ade1eec55f9a3"
  },
  "unique_id": "171569",
  "product_name": "Pure Taste Katzennassnahrung",
  "brand": "Coshida",
  "regular_price": 4.95,
  "selling_price": 4.95,
  "price_per_unit": "pro 8x85g | 100g = 0.73 CHF",
  "breadcrumb": "Sortiment > Sortiment > Pure Taste Katzennassnahrung",
  "pdp_url": "https://sortiment.lidl.ch/de/pure-taste-katzennassnahrung-0171569",
  "product_description": "Artikelnr.: 171569",
  "producthierarchy_level1": "Sortiment",
  "producthierarchy_level2": "Sortiment",
  "producthierarchy_level3": "Pure Taste Katzennassnahrung",
  "producthierarchy_level4": "",
  "producthierarchy_level5": "",
  "producthierarchy_level6": "",
  "producthierarchy_level7": "",
  "currency": "Swiss franc",
  "file_name_1": "171569_1.jpg",
  "image_url_1": "https://sortiment.lidl.ch/media/catalog/product/cache/38c728e59b3a47950872534eff8a1e63/1/7/171569_Fish_PSXX.jpg",
  "file_name_2": "171569_2.jpg",
  "image_url_2": "https://sortiment.lidl.ch/media/catalog/product/cache/38c728e59b3a47950872534eff8a1e63/1/7/171569_Meat_PSXX.jpg"
},
{
  "_id": {
    "$oid": "66f3a235d23ade1eec55f9a4"
  },
  "unique_id": "177842",
  "product_name": "Alu-Kaffeekapseln Intenso",
  "brand": "Bellarom",
  "regular_price": 3.95,
  "selling_price": 3.95,
  "price_per_unit": "pro 20 Stück | 100g = 19.75, 3.95 CHF",
  "breadcrumb": "Sortiment > Sortiment > Alu-Kaffeekapseln Intenso",
  "pdp_url": "https://sortiment.lidl.ch/de/alu-kaffeekapseln-intenso-0177842",
  "product_description": "Artikelnr.: 177842",
  "producthierarchy_level1": "Sortiment",
  "producthierarchy_level2": "Sortiment",
  "producthierarchy_level3": "Alu-Kaffeekapseln Intenso",
  "producthierarchy_level4": "",
  "producthierarchy_level5": "",
  "producthierarchy_level6": "",
  "producthierarchy_level7": "",
  "currency": "Swiss franc",
  "file_name_1": "177842_1.jpg",
  "image_url_1": "https://sortiment.lidl.ch/media/catalog/product/cache/38c728e59b3a47950872534eff8a1e63/1/7/177842_PSXX.jpg"
},
{
  "_id": {
    "$oid": "66f3a237d23ade1eec55f9a5"
  },
  "unique_id": "193288",
  "product_name": "S-Klingen Rasierer women",
  "brand": "Cien",
  "regular_price": 4.29,
  "selling_price": 4.29,
  "price_per_unit": "pro Stück",
  "breadcrumb": "Sortiment > Sortiment > S-Klingen Rasierer women",
  "pdp_url": "https://sortiment.lidl.ch/de/s-klingen-rasierer-women-0193288",
  "product_description": "Artikelnr.: 193288",
  "producthierarchy_level1": "Sortiment",
  "producthierarchy_level2": "Sortiment",
  "producthierarchy_level3": "S-Klingen Rasierer women",
  "producthierarchy_level4": "",
  "producthierarchy_level5": "",
  "producthierarchy_level6": "",
  "producthierarchy_level7": "",
  "currency": "Swiss franc",
  "file_name_1": "193288_1.jpg",
  "image_url_1": "https://sortiment.lidl.ch/media/catalog/product/cache/38c728e59b3a47950872534eff8a1e63/1/9/193288_01_PSXX.jpg",
  "file_name_2": "193288_2.jpg",
  "image_url_2": "https://sortiment.lidl.ch/media/catalog/product/cache/38c728e59b3a47950872534eff8a1e63/1/9/193288_PSXX.jpg"
},
{
  "_id": {
    "$oid": "66f3a238d23ade1eec55f9a6"
  },
  "unique_id": "193289",
  "product_name": "Ersatzklingen women, 5-Klingen",
  "brand": "Cien",
  "regular_price": 3.99,
  "selling_price": 3.99,
  "price_per_unit": "pro 3 Stück | 1 Stk = 1.33 CHF",
  "breadcrumb": "Sortiment > Sortiment > Ersatzklingen women, 5-Klingen",
  "pdp_url": "https://sortiment.lidl.ch/de/ersatzklingen-women-5-klingen-0193289",
  "product_description": "Artikelnr.: 193289",
  "producthierarchy_level1": "Sortiment",
  "producthierarchy_level2": "Sortiment",
  "producthierarchy_level3": "Ersatzklingen women, 5-Klingen",
  "producthierarchy_level4": "",
  "producthierarchy_level5": "",
  "producthierarchy_level6": "",
  "producthierarchy_level7": "",
  "currency": "Swiss franc",
  "file_name_1": "193289_1.jpg",
  "image_url_1": "https://sortiment.lidl.ch/media/catalog/product/cache/38c728e59b3a47950872534eff8a1e63/1/9/193289_PSXX.jpg"
},
{
  "_id": {
    "$oid": "66f3a239d23ade1eec55f9a7"
  },
  "unique_id": "130689",
  "product_name": "Rasiergel",
  "brand": "Cien Men",
  "regular_price": 2.19,
  "selling_price": 2.19,
  "price_per_unit": "pro 200ml | 1L = 10.95 CHF",
  "breadcrumb": "Sortiment > Sortiment > Rasiergel",
  "pdp_url": "https://sortiment.lidl.ch/de/rasiergel-0130689",
  "product_description": "Artikelnr.: 130689",
  "producthierarchy_level1": "Sortiment",
  "producthierarchy_level2": "Sortiment",
  "producthierarchy_level3": "Rasiergel",
  "producthierarchy_level4": "",
  "producthierarchy_level5": "",
  "producthierarchy_level6": "",
  "producthierarchy_level7": "",
  "currency": "Swiss franc",
  "file_name_1": "130689_1.jpg",
  "image_url_1": "https://sortiment.lidl.ch/media/catalog/product/cache/38c728e59b3a47950872534eff8a1e63/1/3/130689_Hydro_PSXX.jpg"
},
{
  "_id": {
    "$oid": "66f3a23bd23ade1eec55f9a8"
  },
  "unique_id": "163335",
  "product_name": "Men 5-Klingen-Rasierer",
  "brand": "Cien",
  "regular_price": 4.79,
  "selling_price": 4.79,
  "price_per_unit": "pro Stück",
  "breadcrumb": "Sortiment > Sortiment > Men 5-Klingen-Rasierer",
  "pdp_url": "https://sortiment.lidl.ch/de/men-5-klingen-rasierer-0163335",
  "product_description": "Artikelnr.: 163335",
  "producthierarchy_level1": "Sortiment",
  "producthierarchy_level2": "Sortiment",
  "producthierarchy_level3": "Men 5-Klingen-Rasierer",
  "producthierarchy_level4": "",
  "producthierarchy_level5": "",
  "producthierarchy_level6": "",
  "producthierarchy_level7": "",
  "currency": "Swiss franc",
  "file_name_1": "163335_1.jpg",
  "image_url_1": "https://sortiment.lidl.ch/media/catalog/product/cache/38c728e59b3a47950872534eff8a1e63/1/6/163335_PSXX.jpg"
},
{
  "_id": {
    "$oid": "66f3a23dd23ade1eec55f9a9"
  },
  "unique_id": "163333",
  "product_name": "Men Einwegrasierer 2 Klingen",
  "brand": "Cien Men",
  "regular_price": 2.99,
  "selling_price": 2.99,
  "price_per_unit": "pro 10 Stück | 1 Stk = 0.30 CHF",
  "breadcrumb": "Sortiment > Sortiment > Men Einwegrasierer 2 Klingen",
  "pdp_url": "https://sortiment.lidl.ch/de/men-einwegrasierer-2-klingen-0163333",
  "product_description": "Artikelnr.: 163333",
  "producthierarchy_level1": "Sortiment",
  "producthierarchy_level2": "Sortiment",
  "producthierarchy_level3": "Men Einwegrasierer 2 Klingen",
  "producthierarchy_level4": "",
  "producthierarchy_level5": "",
  "producthierarchy_level6": "",
  "producthierarchy_level7": "",
  "currency": "Swiss franc",
  "file_name_1": "163333_1.jpg",
  "image_url_1": "https://sortiment.lidl.ch/media/catalog/product/cache/38c728e59b3a47950872534eff8a1e63/1/6/163333_PSXX.jpg"
},
{
  "_id": {
    "$oid": "66f3a23fd23ade1eec55f9aa"
  },
  "unique_id": "177841",
  "product_name": "Alu-Kaffeekapsel Ristretto",
  "brand": "Bellarom",
  "regular_price": 3.95,
  "selling_price": 3.95,
  "price_per_unit": "pro 20 Stück",
  "breadcrumb": "Sortiment > Sortiment > Alu-Kaffeekapsel Ristretto",
  "pdp_url": "https://sortiment.lidl.ch/de/alu-kaffeekapsel-ristretto-0177841",
  "product_description": "Artikelnr.: 177841",
  "producthierarchy_level1": "Sortiment",
  "producthierarchy_level2": "Sortiment",
  "producthierarchy_level3": "Alu-Kaffeekapsel Ristretto",
  "producthierarchy_level4": "",
  "producthierarchy_level5": "",
  "producthierarchy_level6": "",
  "producthierarchy_level7": "",
  "currency": "Swiss franc",
  "file_name_1": "177841_1.jpg",
  "image_url_1": "https://sortiment.lidl.ch/media/catalog/product/cache/38c728e59b3a47950872534eff8a1e63/1/7/177841_PSXX.jpg"
},
{
  "_id": {
    "$oid": "66f3a240d23ade1eec55f9ab"
  },
  "unique_id": "173928",
  "product_name": "Gesichtsserum",
  "brand": "Cien",
  "regular_price": 4.99,
  "selling_price": 4.99,
  "price_per_unit": "pro 30ml | 100ML = 16.64 CHF",
  "breadcrumb": "Sortiment > Sortiment > Gesichtsserum",
  "pdp_url": "https://sortiment.lidl.ch/de/gesichtsserum-0173928",
  "product_description": "Artikelnr.: 173928",
  "producthierarchy_level1": "Sortiment",
  "producthierarchy_level2": "Sortiment",
  "producthierarchy_level3": "Gesichtsserum",
  "producthierarchy_level4": "",
  "producthierarchy_level5": "",
  "producthierarchy_level6": "",
  "producthierarchy_level7": "",
  "currency": "Swiss franc",
  "file_name_1": "173928_1.jpg",
  "image_url_1": "https://sortiment.lidl.ch/media/catalog/product/cache/38c728e59b3a47950872534eff8a1e63/1/7/173928_PSXX.jpg"
},
{
  "_id": {
    "$oid": "66f3a241d23ade1eec55f9ac"
  },
  "unique_id": "177839",
  "product_name": "Alu-Kaffeekapseln Forte Lungo",
  "brand": "Bellarom",
  "regular_price": 3.95,
  "selling_price": 3.95,
  "price_per_unit": "pro 20 Stück",
  "breadcrumb": "Sortiment > Sortiment > Alu-Kaffeekapseln Forte Lungo",
  "pdp_url": "https://sortiment.lidl.ch/de/alu-kaffeekapseln-forte-lungo-0177839",
  "product_description": "Artikelnr.: 177839",
  "producthierarchy_level1": "Sortiment",
  "producthierarchy_level2": "Sortiment",
  "producthierarchy_level3": "Alu-Kaffeekapseln Forte Lungo",
  "producthierarchy_level4": "",
  "producthierarchy_level5": "",
  "producthierarchy_level6": "",
  "producthierarchy_level7": "",
  "currency": "Swiss franc",
  "file_name_1": "177839_1.jpg",
  "image_url_1": "https://sortiment.lidl.ch/media/catalog/product/cache/38c728e59b3a47950872534eff8a1e63/1/7/177839_PSXX.jpg"
},
{
  "_id": {
    "$oid": "66f3a242d23ade1eec55f9ad"
  },
  "unique_id": "172509",
  "product_name": "Taschentücher Kamillen Duft",
  "brand": "Floralys",
  "regular_price": 1.99,
  "selling_price": 1.99,
  "price_per_unit": "pro 100 Stück",
  "breadcrumb": "Sortiment > Sortiment > Taschentücher Kamillen Duft",
  "pdp_url": "https://sortiment.lidl.ch/de/taschentuecher-kamillen-duft-0172509",
  "product_description": "Artikelnr.: 172509",
  "producthierarchy_level1": "Sortiment",
  "producthierarchy_level2": "Sortiment",
  "producthierarchy_level3": "Taschentücher Kamillen Duft",
  "producthierarchy_level4": "",
  "producthierarchy_level5": "",
  "producthierarchy_level6": "",
  "producthierarchy_level7": "",
  "currency": "Swiss franc",
  "file_name_1": "172509_1.jpg",
  "image_url_1": "https://sortiment.lidl.ch/media/catalog/product/cache/38c728e59b3a47950872534eff8a1e63/1/7/172509_PSXX.jpg"
},
{
  "_id": {
    "$oid": "66f3a244d23ade1eec55f9ae"
  },
  "unique_id": "1800286",
  "product_name": "WC Frisch Kraft Aktiv Ozeanfrische",
  "brand": "WC Frisch",
  "regular_price": 6.95,
  "selling_price": 6.95,
  "price_per_unit": "pro 2x50g",
  "breadcrumb": "Sortiment > Sortiment > WC Frisch Kraft Aktiv Ozeanfrische",
  "pdp_url": "https://sortiment.lidl.ch/de/wc-frisch-kraft-aktiv-ozeanfrische-1800286",
  "product_description": "Artikelnr.: 1800286",
  "producthierarchy_level1": "Sortiment",
  "producthierarchy_level2": "Sortiment",
  "producthierarchy_level3": "WC Frisch Kraft Aktiv Ozeanfrische",
  "producthierarchy_level4": "",
  "producthierarchy_level5": "",
  "producthierarchy_level6": "",
  "producthierarchy_level7": "",
  "currency": "Swiss franc",
  "file_name_1": "1800286_1.jpg",
  "image_url_1": "https://sortiment.lidl.ch/media/catalog/product/cache/38c728e59b3a47950872534eff8a1e63/1/8/1800286_Oceanfrische_PSXX.jpg"
},
{
  "_id": {
    "$oid": "66f3a245d23ade1eec55f9af"
  },
  "unique_id": "5112333",
  "product_name": "Borotalco Deo Roll-on",
  "brand": "Borotalco",
  "regular_price": 5.49,
  "selling_price": 5.49,
  "price_per_unit": "pro 50ml | 1L = 109.80 CHF",
  "breadcrumb": "Sortiment > Sortiment > Borotalco Deo Roll-on",
  "pdp_url": "https://sortiment.lidl.ch/de/borotalco-deo-roll-on-5112333",
  "product_description": "Artikelnr.: 5112333",
  "producthierarchy_level1": "Sortiment",
  "producthierarchy_level2": "Sortiment",
  "producthierarchy_level3": "Borotalco Deo Roll-on",
  "producthierarchy_level4": "",
  "producthierarchy_level5": "",
  "producthierarchy_level6": "",
  "producthierarchy_level7": "",
  "currency": "Swiss franc",
  "file_name_1": "5112333_1.jpg",
  "image_url_1": "https://sortiment.lidl.ch/media/catalog/product/cache/38c728e59b3a47950872534eff8a1e63/5/1/5112333_Cristalli_PSXX.jpg",
  "file_name_2": "5112333_2.jpg",
  "image_url_2": "https://sortiment.lidl.ch/media/catalog/product/cache/38c728e59b3a47950872534eff8a1e63/5/1/5112333_Effetto_PSXX.jpg"
},
{
  "_id": {
    "$oid": "66f3a246d23ade1eec55f9b0"
  },
  "unique_id": "5112588",
  "product_name": "Corona Extra Bier",
  "brand": "Corona Extra",
  "regular_price": 10.49,
  "selling_price": 10.49,
  "price_per_unit": "pro 6x0,33l | 100ML = 0.53 CHF",
  "breadcrumb": "Sortiment > Sortiment > Corona Extra Bier",
  "pdp_url": "https://sortiment.lidl.ch/de/corona-extra-bier-5112588",
  "product_description": "Artikelnr.: 5112588",
  "producthierarchy_level1": "Sortiment",
  "producthierarchy_level2": "Sortiment",
  "producthierarchy_level3": "Corona Extra Bier",
  "producthierarchy_level4": "",
  "producthierarchy_level5": "",
  "producthierarchy_level6": "",
  "producthierarchy_level7": "",
  "currency": "Swiss franc",
  "file_name_1": "5112588_1.jpg",
  "image_url_1": "https://sortiment.lidl.ch/media/catalog/product/cache/38c728e59b3a47950872534eff8a1e63/5/1/5112588_6erPack_PSXX.jpg",
  "file_name_2": "5112588_2.jpg",
  "image_url_2": "https://sortiment.lidl.ch/media/catalog/product/cache/38c728e59b3a47950872534eff8a1e63/5/1/5112588_EF_PSXX.jpg"
},
{
  "_id": {
    "$oid": "66f3a247d23ade1eec55f9b1"
  },
  "unique_id": "177845",
  "product_name": "Alu-Kaffeekapseln Modena Lungo decaf",
  "brand": "Bellarom",
  "regular_price": 3.95,
  "selling_price": 3.95,
  "price_per_unit": "pro 20 Stück | 100g = 19.75, 3.60 CHF",
  "breadcrumb": "Sortiment > Sortiment > Alu-Kaffeekapseln Modena Lungo decaf",
  "pdp_url": "https://sortiment.lidl.ch/de/alu-kaffeekapseln-modena-lungo-decaf-0177845",
  "product_description": "Artikelnr.: 177845",
  "producthierarchy_level1": "Sortiment",
  "producthierarchy_level2": "Sortiment",
  "producthierarchy_level3": "Alu-Kaffeekapseln Modena Lungo decaf",
  "producthierarchy_level4": "",
  "producthierarchy_level5": "",
  "producthierarchy_level6": "",
  "producthierarchy_level7": "",
  "currency": "Swiss franc",
  "file_name_1": "177845_1.jpg",
  "image_url_1": "https://sortiment.lidl.ch/media/catalog/product/cache/38c728e59b3a47950872534eff8a1e63/1/7/177845_PSXX.jpg"
},
{
  "_id": {
    "$oid": "66f3a249d23ade1eec55f9b2"
  },
  "unique_id": "5111988",
  "product_name": "Schweizer Eier Freilandhaltung",
  "brand": "",
  "regular_price": 4.95,
  "selling_price": 4.95,
  "price_per_unit": "pro 10 Stück | 1 Stk = 0.50 CHF",
  "breadcrumb": "Sortiment > Sortiment > Schweizer Eier Freilandhaltung",
  "pdp_url": "https://sortiment.lidl.ch/de/schweizer-eier-freilandhaltung-5111988",
  "product_description": "Artikelnr.: 5111988",
  "producthierarchy_level1": "Sortiment",
  "producthierarchy_level2": "Sortiment",
  "producthierarchy_level3": "Schweizer Eier Freilandhaltung",
  "producthierarchy_level4": "",
  "producthierarchy_level5": "",
  "producthierarchy_level6": "",
  "producthierarchy_level7": "",
  "currency": "Swiss franc",
  "file_name_1": "5111988_1.jpg",
  "image_url_1": "https://sortiment.lidl.ch/media/catalog/product/cache/38c728e59b3a47950872534eff8a1e63/5/1/5111988_PSXX.jpg"
},
{
  "_id": {
    "$oid": "66f3a24ad23ade1eec55f9b3"
  },
  "unique_id": "207509",
  "product_name": "Vanille Donut gefüllt",
  "brand": "",
  "regular_price": 0.99,
  "selling_price": 0.99,
  "price_per_unit": "pro 67g | 100g = 1.48 CHF",
  "breadcrumb": "Sortiment > Sortiment > Vanille Donut gefüllt",
  "pdp_url": "https://sortiment.lidl.ch/de/vanille-donut-gefuellt-0207509",
  "product_description": "Artikelnr.: 207509 Donut, gefüllt, dekoriert mit kakaohaltiger Fettglasur, aufgetaut. Zutaten: Weizenmehl , 20% cremiger Füllung [Wasser, gezuckerte Kondensmilch ( Vollmilch , Zucker), Zucker, modifizierte Stärke, färbendes Karottekonzentrat, Speisesalz, Verdickungsmittel: Natriumcarboxymethylcellulose, natürliches Aroma, Konservierungsstoffe: Kaliumsorbat, Sorbinsäure, Säuerungsmittel: Citronensäure], pflanzliche Öle (Ölpalme, Raps), Zucker, Wasser, pflanzliche Fette (Palmkern, Ölpalme, Kokos), Reismehl, Hefe, fettarmes Kakaopulver, Sojamehl , jodiertes Speisesalz (Speisesalz, Kaliumiodat), Emulgatoren: Mono- und Diglyceride von Speisefettsäuren, Mono- und Diacetylweinsäureester von Mono- und Diglyceriden von Speisefettsäuren, Lecithine, Natriumstearoyl-2-lactylat, Weizengluten , Backtriebmittel: Natriumhydrogencarbonat, Diphosphate, Weizenstärke , Vollmilchpulver , natürliches Vanillearoma, Antioxidationsmittel:  Ascorbinsäure. Kann Spuren von Ei, Erdnüsse, Schalenfrüchte (Nüsse), Sellerie, Senf, Sesam und Sulfiten enthalten. Hergestellt in Belgien.",
  "producthierarchy_level1": "Sortiment",
  "producthierarchy_level2": "Sortiment",
  "producthierarchy_level3": "Vanille Donut gefüllt",
  "producthierarchy_level4": "",
  "producthierarchy_level5": "",
  "producthierarchy_level6": "",
  "producthierarchy_level7": "",
  "currency": "Swiss franc",
  "file_name_1": "207509_1.jpg",
  "image_url_1": "https://sortiment.lidl.ch/media/catalog/product/cache/38c728e59b3a47950872534eff8a1e63/2/0/207509_FKBF.jpg"
},
{
  "_id": {
    "$oid": "66f3a24bd23ade1eec55f9b4"
  },
  "unique_id": "195726",
  "product_name": "Erdbeer Donut gefüllt",
  "brand": "",
  "regular_price": 0.99,
  "selling_price": 0.99,
  "price_per_unit": "pro 69g | 100g = 1.44 CHF",
  "breadcrumb": "Sortiment > Sortiment > Erdbeer Donut gefüllt",
  "pdp_url": "https://sortiment.lidl.ch/de/erdbeer-donut-gefuellt-0195726",
  "product_description": "Artikelnr.: 195726 Donut gefüllt mit 24,6% Erdbeerfüllung und kakaohaltiger Fettglasur, aufgetaut.Zutaten: Weizenmehl , pflanzliche Öle (Ölpalme, Raps, Kokos, Sonnenblume), Zucker, 13% Erdbeeren, Wasser, Glukosesirup, pflanzliche Fette (Palmkern, Ölpalme, Kokos), modifizierte Stärke, Aroniabeeren Püree, Hefe, mageres Kakaopulver, Sojamehl , jodiertes Speisesalz (Speisesalz, Kaliumiodat), Emulgatoren: Mono- und Diacetylweinsäureester von Mono- und Diglyceriden von Speisefettsäuren, Mono- und Diglyceride von Speisefettsäuren, Natriumstearoyl-2-lactylat, Lecithine, Weizengluten , Backtriebmittel: Diphosphate, Natriumhydrogencarbonat, färbendes Randenkonzentrat, Weizenstärke , Vollmilchpulver , färbende Lebensmittelkonzentrate (Johannisbeer, Rettich, Apfel), natürliches Vanillearoma, natürliches Aroma Typ Erdbeer, natürliche Aromen, Verdickungsmittel: Gellan, Konservierungsstoff: Kaliumsorbat, Säuerungsmittel: Citronensäure, Antioxidationsmittel: Ascorbinsäure. Kann Spuren von Eiern, Erdnüssen, Schalenfrüchte (Nüsse), Sellerie, Senf, Sesam und Sulfiten enthalten. Hergestellt in Belgien.",
  "producthierarchy_level1": "Sortiment",
  "producthierarchy_level2": "Sortiment",
  "producthierarchy_level3": "Erdbeer Donut gefüllt",
  "producthierarchy_level4": "",
  "producthierarchy_level5": "",
  "producthierarchy_level6": "",
  "producthierarchy_level7": "",
  "currency": "Swiss franc",
  "file_name_1": "195726_1.jpg",
  "image_url_1": "https://sortiment.lidl.ch/media/catalog/product/cache/38c728e59b3a47950872534eff8a1e63/1/9/195726_FKBF.jpg"
},
{
  "_id": {
    "$oid": "66f3a24dd23ade1eec55f9b5"
  },
  "unique_id": "5112591",
  "product_name": "Bauernbratwurst",
  "brand": "Bonvalle",
  "regular_price": 4.99,
  "selling_price": 4.99,
  "price_per_unit": "pro 3x130g | 100g = 1.28 CHF",
  "breadcrumb": "Sortiment > Sortiment > Bauernbratwurst",
  "pdp_url": "https://sortiment.lidl.ch/de/bauernbratwurst-5112591",
  "product_description": "Artikelnr.: 5112591",
  "producthierarchy_level1": "Sortiment",
  "producthierarchy_level2": "Sortiment",
  "producthierarchy_level3": "Bauernbratwurst",
  "producthierarchy_level4": "",
  "producthierarchy_level5": "",
  "producthierarchy_level6": "",
  "producthierarchy_level7": "",
  "currency": "Swiss franc",
  "file_name_1": "5112591_1.jpg",
  "image_url_1": "https://sortiment.lidl.ch/media/catalog/product/cache/38c728e59b3a47950872534eff8a1e63/5/1/5112591_FKBF.jpg"
},
{
  "_id": {
    "$oid": "66f3a24ed23ade1eec55f9b6"
  },
  "unique_id": "5111915",
  "product_name": "Prosciutto cotto alle erbe",
  "brand": "Deluxe",
  "regular_price": 4.99,
  "selling_price": 4.99,
  "price_per_unit": "pro 100g",
  "breadcrumb": "Sortiment > Sortiment > Prosciutto cotto alle erbe",
  "pdp_url": "https://sortiment.lidl.ch/de/prosciutto-cotto-alle-erbe-5111915",
  "product_description": "Artikelnr.: 5111915",
  "producthierarchy_level1": "Sortiment",
  "producthierarchy_level2": "Sortiment",
  "producthierarchy_level3": "Prosciutto cotto alle erbe",
  "producthierarchy_level4": "",
  "producthierarchy_level5": "",
  "producthierarchy_level6": "",
  "producthierarchy_level7": "",
  "currency": "Swiss franc",
  "file_name_1": "5111915_1.jpg",
  "image_url_1": "https://sortiment.lidl.ch/media/catalog/product/cache/38c728e59b3a47950872534eff8a1e63/5/1/5111915_Deluxe_Prosciutto_PSXX.jpg"
},
{
  "_id": {
    "$oid": "66f3a24fd23ade1eec55f9b7"
  },
  "unique_id": "82670",
  "product_name": "Mini Paprika Mix",
  "brand": "",
  "regular_price": 1.29,
  "selling_price": 1.29,
  "price_per_unit": "pro 200g | 100g = 0.65 CHF",
  "breadcrumb": "Sortiment > Sortiment > Mini Paprika Mix",
  "pdp_url": "https://sortiment.lidl.ch/de/mini-paprika-mix-0082670",
  "product_description": "Artikelnr.: 82670",
  "producthierarchy_level1": "Sortiment",
  "producthierarchy_level2": "Sortiment",
  "producthierarchy_level3": "Mini Paprika Mix",
  "producthierarchy_level4": "",
  "producthierarchy_level5": "",
  "producthierarchy_level6": "",
  "producthierarchy_level7": "",
  "currency": "Swiss franc",
  "file_name_1": "82670_1.jpg",
  "image_url_1": "https://sortiment.lidl.ch/media/catalog/product/cache/38c728e59b3a47950872534eff8a1e63/8/2/82670_OGAX.jpg",
  "file_name_2": "82670_2.jpg",
  "image_url_2": "https://sortiment.lidl.ch/media/catalog/product/cache/38c728e59b3a47950872534eff8a1e63/8/2/82670_OGFG.jpg"
},
{
  "_id": {
    "$oid": "66f3a250d23ade1eec55f9b8"
  },
  "unique_id": "1800360",
  "product_name": "o.b. Tampons Pro Comfort",
  "brand": "o.b.",
  "regular_price": 5.89,
  "selling_price": 5.89,
  "price_per_unit": "pro 54 Stück, 64 Stück | 1 Stk = 0.11, 0.10 CHF",
  "breadcrumb": "Sortiment > Sortiment > o.b. Tampons Pro Comfort",
  "pdp_url": "https://sortiment.lidl.ch/de/o-b-tampons-pro-comfort-1800360",
  "product_description": "Artikelnr.: 1800360",
  "producthierarchy_level1": "Sortiment",
  "producthierarchy_level2": "Sortiment",
  "producthierarchy_level3": "o.b. Tampons Pro Comfort",
  "producthierarchy_level4": "",
  "producthierarchy_level5": "",
  "producthierarchy_level6": "",
  "producthierarchy_level7": "",
  "currency": "Swiss franc",
  "file_name_1": "1800360_1.jpg",
  "image_url_1": "https://sortiment.lidl.ch/media/amasty/amoptmobile/catalog/product/cache/38c728e59b3a47950872534eff8a1e63/1/8/1800360_Normal_PSXX.jpg",
  "file_name_2": "1800360_2.jpg",
  "image_url_2": "https://sortiment.lidl.ch/media/catalog/product/cache/38c728e59b3a47950872534eff8a1e63/1/8/1800360_Super_PSXX.jpg"
},
{
  "_id": {
    "$oid": "66f3a251d23ade1eec55f9b9"
  },
  "unique_id": "200204",
  "product_name": "Aprikosen-Konfitüre",
  "brand": "Maribel",
  "regular_price": 1.29,
  "selling_price": 1.29,
  "price_per_unit": "pro 450g | 100g = 0.29 CHF",
  "breadcrumb": "Sortiment > Sortiment > Aprikosen-Konfitüre",
  "pdp_url": "https://sortiment.lidl.ch/de/aprikosen-konfituere-0200204",
  "product_description": "Artikelnr.: 200204",
  "producthierarchy_level1": "Sortiment",
  "producthierarchy_level2": "Sortiment",
  "producthierarchy_level3": "Aprikosen-Konfitüre",
  "producthierarchy_level4": "",
  "producthierarchy_level5": "",
  "producthierarchy_level6": "",
  "producthierarchy_level7": "",
  "currency": "Swiss franc",
  "file_name_1": "200204_1.jpg",
  "image_url_1": "https://sortiment.lidl.ch/media/catalog/product/cache/38c728e59b3a47950872534eff8a1e63/2/0/200204_PSXX.jpg"
},
{
  "_id": {
    "$oid": "66f3a253d23ade1eec55f9ba"
  },
  "unique_id": "5111986",
  "product_name": "Truten Cipollata",
  "brand": "Maestade",
  "regular_price": 5.49,
  "selling_price": 5.49,
  "price_per_unit": "pro 275g | 100g = 2.00 CHF",
  "breadcrumb": "Sortiment > Sortiment > Truten Cipollata",
  "pdp_url": "https://sortiment.lidl.ch/de/truten-cipollata-5111986",
  "product_description": "Artikelnr.: 5111986",
  "producthierarchy_level1": "Sortiment",
  "producthierarchy_level2": "Sortiment",
  "producthierarchy_level3": "Truten Cipollata",
  "producthierarchy_level4": "",
  "producthierarchy_level5": "",
  "producthierarchy_level6": "",
  "producthierarchy_level7": "",
  "currency": "Swiss franc",
  "file_name_1": "5111986_1.jpg",
  "image_url_1": "https://sortiment.lidl.ch/media/catalog/product/cache/38c728e59b3a47950872534eff8a1e63/5/1/5111986_FKBF.jpg",
  "file_name_2": "5111986_2.jpg",
  "image_url_2": "https://sortiment.lidl.ch/media/catalog/product/cache/38c728e59b3a47950872534eff8a1e63/5/1/5111986_PSXX.jpg"
},
{
  "_id": {
    "$oid": "66f3a254d23ade1eec55f9bb"
  },
  "unique_id": "5111985",
  "product_name": "Geflügel Lyoner",
  "brand": "Maestade",
  "regular_price": 2.19,
  "selling_price": 2.19,
  "price_per_unit": "pro 200g | 100g = 1.10 CHF",
  "breadcrumb": "Sortiment > Sortiment > Geflügel Lyoner",
  "pdp_url": "https://sortiment.lidl.ch/de/gefluegel-lyoner-5111985",
  "product_description": "Artikelnr.: 5111985",
  "producthierarchy_level1": "Sortiment",
  "producthierarchy_level2": "Sortiment",
  "producthierarchy_level3": "Geflügel Lyoner",
  "producthierarchy_level4": "",
  "producthierarchy_level5": "",
  "producthierarchy_level6": "",
  "producthierarchy_level7": "",
  "currency": "Swiss franc",
  "file_name_1": "5111985_1.jpg",
  "image_url_1": "https://sortiment.lidl.ch/media/catalog/product/cache/38c728e59b3a47950872534eff8a1e63/5/1/5111985_PSXX.jpg"
},
{
  "_id": {
    "$oid": "66f3a256d23ade1eec55f9bc"
  },
  "unique_id": "5110609",
  "product_name": "Rindshackfleisch light Family",
  "brand": "Bonvalle",
  "regular_price": 9.99,
  "selling_price": 9.99,
  "price_per_unit": "pro 600g | 100g = 1.67 CHF",
  "breadcrumb": "Sortiment > Sortiment > Rindshackfleisch light Family",
  "pdp_url": "https://sortiment.lidl.ch/de/rindshackfleisch-light-family-5110609",
  "product_description": "Artikelnr.: 5110609",
  "producthierarchy_level1": "Sortiment",
  "producthierarchy_level2": "Sortiment",
  "producthierarchy_level3": "Rindshackfleisch light Family",
  "producthierarchy_level4": "",
  "producthierarchy_level5": "",
  "producthierarchy_level6": "",
  "producthierarchy_level7": "",
  "currency": "Swiss franc",
  "file_name_1": "5110609_1.jpg",
  "image_url_1": "https://sortiment.lidl.ch/media/catalog/product/cache/38c728e59b3a47950872534eff8a1e63/5/1/5110609_FKBF.jpg",
  "file_name_2": "5110609_2.jpg",
  "image_url_2": "https://sortiment.lidl.ch/media/catalog/product/cache/38c728e59b3a47950872534eff8a1e63/5/1/5110609_PSXX.jpg"
},
{
  "_id": {
    "$oid": "66f3a257d23ade1eec55f9bd"
  },
  "unique_id": "5112158",
  "product_name": "Schweinekoteletts mager",
  "brand": "Bonvalle",
  "regular_price": 7.49,
  "selling_price": 7.49,
  "price_per_unit": "pro 500g | 100g = 1.50 CHF",
  "breadcrumb": "Sortiment > Sortiment > Schweinekoteletts mager",
  "pdp_url": "https://sortiment.lidl.ch/de/schweinekoteletts-mager-5112158",
  "product_description": "Artikelnr.: 5112158",
  "producthierarchy_level1": "Sortiment",
  "producthierarchy_level2": "Sortiment",
  "producthierarchy_level3": "Schweinekoteletts mager",
  "producthierarchy_level4": "",
  "producthierarchy_level5": "",
  "producthierarchy_level6": "",
  "producthierarchy_level7": "",
  "currency": "Swiss franc",
  "file_name_1": "5112158_1.jpg",
  "image_url_1": "https://sortiment.lidl.ch/media/catalog/product/cache/38c728e59b3a47950872534eff8a1e63/5/1/5112158_FKBF.jpg",
  "file_name_2": "5112158_2.jpg",
  "image_url_2": "https://sortiment.lidl.ch/media/catalog/product/cache/38c728e59b3a47950872534eff8a1e63/5/1/5112158_PSXX.jpg"
},
{
  "_id": {
    "$oid": "66f3a258d23ade1eec55f9be"
  },
  "unique_id": "200207",
  "product_name": "Himbeer-Konfitüre",
  "brand": "Maribel",
  "regular_price": 1.95,
  "selling_price": 1.95,
  "price_per_unit": "pro 450g | 100g = 0.44 CHF",
  "breadcrumb": "Sortiment > Sortiment > Himbeer-Konfitüre",
  "pdp_url": "https://sortiment.lidl.ch/de/himbeer-konfituere-0200207",
  "product_description": "Artikelnr.: 200207",
  "producthierarchy_level1": "Sortiment",
  "producthierarchy_level2": "Sortiment",
  "producthierarchy_level3": "Himbeer-Konfitüre",
  "producthierarchy_level4": "",
  "producthierarchy_level5": "",
  "producthierarchy_level6": "",
  "producthierarchy_level7": "",
  "currency": "Swiss franc",
  "file_name_1": "200207_1.jpg",
  "image_url_1": "https://sortiment.lidl.ch/media/catalog/product/cache/38c728e59b3a47950872534eff8a1e63/2/0/200207_PSXX.jpg"
},
{
  "_id": {
    "$oid": "66f3a25ad23ade1eec55f9bf"
  },
  "unique_id": "38272",
  "product_name": "Cornflakes",
  "brand": "Crownfield",
  "regular_price": 1.49,
  "selling_price": 1.49,
  "price_per_unit": "pro 500g | 100g = 0.30 CHF",
  "breadcrumb": "Sortiment > Sortiment > Cornflakes",
  "pdp_url": "https://sortiment.lidl.ch/de/cornflakes-0038272",
  "product_description": "Artikelnr.: 38272",
  "producthierarchy_level1": "Sortiment",
  "producthierarchy_level2": "Sortiment",
  "producthierarchy_level3": "Cornflakes",
  "producthierarchy_level4": "",
  "producthierarchy_level5": "",
  "producthierarchy_level6": "",
  "producthierarchy_level7": "",
  "currency": "Swiss franc",
  "file_name_1": "38272_1.jpg",
  "image_url_1": "https://sortiment.lidl.ch/media/catalog/product/cache/38c728e59b3a47950872534eff8a1e63/3/8/38272_PSXX.jpg"
},
{
  "_id": {
    "$oid": "66f3a25ad23ade1eec55f9c0"
  },
  "unique_id": "144723",
  "product_name": "Baguette Croustille",
  "brand": "",
  "regular_price": 1.59,
  "selling_price": 1.59,
  "price_per_unit": "pro 250g | 100g = 0.64 CHF",
  "breadcrumb": "Sortiment > Sortiment > Baguette Croustille",
  "pdp_url": "https://sortiment.lidl.ch/de/baguette-croustille-0144723",
  "product_description": "Artikelnr.: 144723 Weizenbrot. Zutaten: 70% Weizenmehl , Wasser, Backhefe, Speisesalz, Weizenmalzmehl , Gerstenmalzextrakt , Weizengluten , deaktivierte Hefe, Mehlbehandlungsmittel: Ascorbinsäure. Kann Spuren von Ei, Erdnüsse, Soja, Milch, Schalenfrüchte (Nüsse), Sellerie, Senf, Sesam und Sulfiten enthalten. Hergestellt in Frankreich.",
  "producthierarchy_level1": "Sortiment",
  "producthierarchy_level2": "Sortiment",
  "producthierarchy_level3": "Baguette Croustille",
  "producthierarchy_level4": "",
  "producthierarchy_level5": "",
  "producthierarchy_level6": "",
  "producthierarchy_level7": "",
  "currency": "Swiss franc",
  "file_name_1": "144723_1.jpg",
  "image_url_1": "https://sortiment.lidl.ch/media/catalog/product/cache/38c728e59b3a47950872534eff8a1e63/1/4/144723_FKBF.jpg"
},
{
  "_id": {
    "$oid": "66f3a25cd23ade1eec55f9c1"
  },
  "unique_id": "150202",
  "product_name": "Haferbrot",
  "brand": "Tastino",
  "regular_price": 2.99,
  "selling_price": 2.99,
  "price_per_unit": "pro 400g | 100g = 0.75 CHF",
  "breadcrumb": "Sortiment > Sortiment > Haferbrot",
  "pdp_url": "https://sortiment.lidl.ch/de/haferbrot-0150202",
  "product_description": "Artikelnr.: 150202",
  "producthierarchy_level1": "Sortiment",
  "producthierarchy_level2": "Sortiment",
  "producthierarchy_level3": "Haferbrot",
  "producthierarchy_level4": "",
  "producthierarchy_level5": "",
  "producthierarchy_level6": "",
  "producthierarchy_level7": "",
  "currency": "Swiss franc",
  "file_name_1": "150202_1.jpg",
  "image_url_1": "https://sortiment.lidl.ch/media/catalog/product/cache/38c728e59b3a47950872534eff8a1e63/1/5/150202_PSXX.jpg"
},
{
  "_id": {
    "$oid": "66f3a25dd23ade1eec55f9c2"
  },
  "unique_id": "6203845",
  "product_name": "Grüne Bio Oliven",
  "brand": "Baresa Bio",
  "regular_price": 2.99,
  "selling_price": 2.99,
  "price_per_unit": "pro 160g, 200g (Abtropfgewicht) | 100g = 1.87, 1.50 CHF",
  "breadcrumb": "Sortiment > Sortiment > Grüne Bio Oliven",
  "pdp_url": "https://sortiment.lidl.ch/de/gruene-bio-oliven-6203845",
  "product_description": "Artikelnr.: 6203845",
  "producthierarchy_level1": "Sortiment",
  "producthierarchy_level2": "Sortiment",
  "producthierarchy_level3": "Grüne Bio Oliven",
  "producthierarchy_level4": "",
  "producthierarchy_level5": "",
  "producthierarchy_level6": "",
  "producthierarchy_level7": "",
  "currency": "Swiss franc",
  "file_name_1": "6203845_1.jpg",
  "image_url_1": "https://sortiment.lidl.ch/media/catalog/product/cache/38c728e59b3a47950872534eff8a1e63/6/2/6203845_PSXX.jpg"
},
{
  "_id": {
    "$oid": "66f3a25fd23ade1eec55f9c3"
  },
  "unique_id": "183835",
  "product_name": "Nissin Cup Noodles",
  "brand": "Nissin",
  "regular_price": 1.89,
  "selling_price": 1.45,
  "price_per_unit": "pro 63g, 64g, 66g | 100g = 2.31, 2.27, 2.20 CHF",
  "breadcrumb": "Sortiment > Sortiment > Nissin Cup Noodles",
  "pdp_url": "https://sortiment.lidl.ch/de/nissin-cup-noodles-0183835",
  "product_description": "Artikelnr.: 183835",
  "producthierarchy_level1": "Sortiment",
  "producthierarchy_level2": "Sortiment",
  "producthierarchy_level3": "Nissin Cup Noodles",
  "producthierarchy_level4": "",
  "producthierarchy_level5": "",
  "producthierarchy_level6": "",
  "producthierarchy_level7": "",
  "currency": "Swiss franc",
  "file_name_1": "183835_1.jpg",
  "image_url_1": "https://sortiment.lidl.ch/media/catalog/product/cache/38c728e59b3a47950872534eff8a1e63/1/8/183835_Chicken_PSXX.jpg",
  "file_name_2": "183835_2.jpg",
  "image_url_2": "https://sortiment.lidl.ch/media/catalog/product/cache/38c728e59b3a47950872534eff8a1e63/1/8/183835_Duck_PSXX.jpg",
  "file_name_3": "183835_3.jpg",
  "image_url_3": "https://sortiment.lidl.ch/media/catalog/product/cache/38c728e59b3a47950872534eff8a1e63/1/8/183835_Shrimps_PSXX.jpg",
  "file_name_4": "183835_4.jpg",
  "image_url_4": "https://sortiment.lidl.ch/media/catalog/product/cache/38c728e59b3a47950872534eff8a1e63/1/8/183835_Spicy_PSXX.jpg"
},
{
  "_id": {
    "$oid": "66f3a260d23ade1eec55f9c4"
  },
  "unique_id": "178298",
  "product_name": "Nissin Soba Cup Noodles",
  "brand": "Nissin",
  "regular_price": 2.95,
  "selling_price": 2.15,
  "price_per_unit": "pro 90g, 92g | 100g = 2.39, 2.34 CHF | LP 100g = 2.22, 2.17 CHF",
  "breadcrumb": "Sortiment > Sortiment > Nissin Soba Cup Noodles",
  "pdp_url": "https://sortiment.lidl.ch/de/nissin-soba-cup-noodles-0178298",
  "product_description": "Artikelnr.: 178298",
  "producthierarchy_level1": "Sortiment",
  "producthierarchy_level2": "Sortiment",
  "producthierarchy_level3": "Nissin Soba Cup Noodles",
  "producthierarchy_level4": "",
  "producthierarchy_level5": "",
  "producthierarchy_level6": "",
  "producthierarchy_level7": "",
  "currency": "Swiss franc",
  "file_name_1": "178298_1.jpg",
  "image_url_1": "https://sortiment.lidl.ch/media/catalog/product/cache/38c728e59b3a47950872534eff8a1e63/1/7/178298_Beef_PSXX.jpg",
  "file_name_2": "178298_2.jpg",
  "image_url_2": "https://sortiment.lidl.ch/media/catalog/product/cache/38c728e59b3a47950872534eff8a1e63/1/7/178298_Chicken_PSXX.jpg",
  "file_name_3": "178298_3.jpg",
  "image_url_3": "https://sortiment.lidl.ch/media/catalog/product/cache/38c728e59b3a47950872534eff8a1e63/1/7/178298_Sesame_PSXX.jpg",
  "file_name_4": "178298_4.jpg",
  "image_url_4": "https://sortiment.lidl.ch/media/catalog/product/cache/38c728e59b3a47950872534eff8a1e63/1/7/178298_Spicy_PSXX.jpg",
  "file_name_5": "178298_5.jpg",
  "image_url_5": "https://sortiment.lidl.ch/media/catalog/product/cache/38c728e59b3a47950872534eff8a1e63/1/7/178298_Sukiyaki_PSXX.jpg",
  "file_name_6": "178298_6.jpg",
  "image_url_6": "https://sortiment.lidl.ch/media/catalog/product/cache/38c728e59b3a47950872534eff8a1e63/1/7/178298_Teriyaki_PSXX.jpg",
  "file_name_7": "178298_7.jpg",
  "image_url_7": "https://sortiment.lidl.ch/media/catalog/product/cache/38c728e59b3a47950872534eff8a1e63/1/7/178298_Yakitori_PSXX.jpg"
},
{
  "_id": {
    "$oid": "66f3a261d23ade1eec55f9c5"
  },
  "unique_id": "5112619",
  "product_name": "Hackfleisch gemischt Family",
  "brand": "Carnesi",
  "regular_price": 7.49,
  "selling_price": 7.49,
  "price_per_unit": "pro 700g | 100g = 1.07 CHF",
  "breadcrumb": "Sortiment > Sortiment > Hackfleisch gemischt Family",
  "pdp_url": "https://sortiment.lidl.ch/de/hackfleisch-gemischt-family-5112619",
  "product_description": "Artikelnr.: 5112619",
  "producthierarchy_level1": "Sortiment",
  "producthierarchy_level2": "Sortiment",
  "producthierarchy_level3": "Hackfleisch gemischt Family",
  "producthierarchy_level4": "",
  "producthierarchy_level5": "",
  "producthierarchy_level6": "",
  "producthierarchy_level7": "",
  "currency": "Swiss franc",
  "file_name_1": "5112619_1.jpg",
  "image_url_1": "https://sortiment.lidl.ch/media/catalog/product/cache/38c728e59b3a47950872534eff8a1e63/5/1/5112619_FKBF.jpg",
  "file_name_2": "5112619_2.jpg",
  "image_url_2": "https://sortiment.lidl.ch/media/catalog/product/cache/38c728e59b3a47950872534eff8a1e63/5/1/5112619_PSXX.jpg"
},
{
  "_id": {
    "$oid": "66f3a263d23ade1eec55f9c6"
  },
  "unique_id": "5112590",
  "product_name": "Hackfleisch gemischt",
  "brand": "Carnesi",
  "regular_price": 5.49,
  "selling_price": 5.49,
  "price_per_unit": "pro 500g | 100g = 1.10 CHF",
  "breadcrumb": "Sortiment > Sortiment > Hackfleisch gemischt",
  "pdp_url": "https://sortiment.lidl.ch/de/hackfleisch-gemischt-5112590",
  "product_description": "Artikelnr.: 5112590",
  "producthierarchy_level1": "Sortiment",
  "producthierarchy_level2": "Sortiment",
  "producthierarchy_level3": "Hackfleisch gemischt",
  "producthierarchy_level4": "",
  "producthierarchy_level5": "",
  "producthierarchy_level6": "",
  "producthierarchy_level7": "",
  "currency": "Swiss franc",
  "file_name_1": "5112590_1.jpg",
  "image_url_1": "https://sortiment.lidl.ch/media/catalog/product/cache/38c728e59b3a47950872534eff8a1e63/5/1/5112590_FKBF.jpg"
},
{
  "_id": {
    "$oid": "66f3a264d23ade1eec55f9c7"
  },
  "unique_id": "129674",
  "product_name": "Mozzarella gerieben",
  "brand": "Milbona",
  "regular_price": 3.19,
  "selling_price": 3.19,
  "price_per_unit": "pro 250g | 100g = 1.28 CHF",
  "breadcrumb": "Sortiment > Sortiment > Mozzarella gerieben",
  "pdp_url": "https://sortiment.lidl.ch/de/mozzarella-gerieben-0129674",
  "product_description": "Artikelnr.: 129674",
  "producthierarchy_level1": "Sortiment",
  "producthierarchy_level2": "Sortiment",
  "producthierarchy_level3": "Mozzarella gerieben",
  "producthierarchy_level4": "",
  "producthierarchy_level5": "",
  "producthierarchy_level6": "",
  "producthierarchy_level7": "",
  "currency": "Swiss franc",
  "file_name_1": "129674_1.jpg",
  "image_url_1": "https://sortiment.lidl.ch/media/amasty/amoptmobile/catalog/product/cache/38c728e59b3a47950872534eff8a1e63/1/2/129674_PSXX.jpg"
},
{
  "_id": {
    "$oid": "66f3a265d23ade1eec55f9c8"
  },
  "unique_id": "162209",
  "product_name": "Baby Shampoo / Waschgel",
  "brand": "Lupilu",
  "regular_price": 2.99,
  "selling_price": 2.99,
  "price_per_unit": "pro 500ml | 100ML = 0.60 CHF",
  "breadcrumb": "Sortiment > Sortiment > Baby Shampoo / Waschgel",
  "pdp_url": "https://sortiment.lidl.ch/de/baby-shampoo-waschgel-0162209",
  "product_description": "Artikelnr.: 162209",
  "producthierarchy_level1": "Sortiment",
  "producthierarchy_level2": "Sortiment",
  "producthierarchy_level3": "Baby Shampoo / Waschgel",
  "producthierarchy_level4": "",
  "producthierarchy_level5": "",
  "producthierarchy_level6": "",
  "producthierarchy_level7": "",
  "currency": "Swiss franc",
  "file_name_1": "162209_1.jpg",
  "image_url_1": "https://sortiment.lidl.ch/media/catalog/product/cache/38c728e59b3a47950872534eff8a1e63/1/6/162209_Shampoo_PSXX.jpg",
  "file_name_2": "162209_2.jpg",
  "image_url_2": "https://sortiment.lidl.ch/media/catalog/product/cache/38c728e59b3a47950872534eff8a1e63/1/6/162209_Waschgel_PSXX.jpg"
},
{
  "_id": {
    "$oid": "66f3a267d23ade1eec55f9c9"
  },
  "unique_id": "202318",
  "product_name": "Grabkerze",
  "brand": "Livarno",
  "regular_price": 3.99,
  "selling_price": 3.99,
  "price_per_unit": "pro 5 Stück | 1 Stk = 0.80 CHF",
  "breadcrumb": "Sortiment > Sortiment > Grabkerze",
  "pdp_url": "https://sortiment.lidl.ch/de/grabkerze-0202318",
  "product_description": "Artikelnr.: 202318",
  "producthierarchy_level1": "Sortiment",
  "producthierarchy_level2": "Sortiment",
  "producthierarchy_level3": "Grabkerze",
  "producthierarchy_level4": "",
  "producthierarchy_level5": "",
  "producthierarchy_level6": "",
  "producthierarchy_level7": "",
  "currency": "Swiss franc",
  "file_name_1": "202318_1.jpg",
  "image_url_1": "https://sortiment.lidl.ch/media/catalog/product/cache/38c728e59b3a47950872534eff8a1e63/2/0/202318_Rot_PSXX.jpg",
  "file_name_2": "202318_2.jpg",
  "image_url_2": "https://sortiment.lidl.ch/media/catalog/product/cache/38c728e59b3a47950872534eff8a1e63/2/0/202318_Weiss_PSXX.jpg"
},
{
  "_id": {
    "$oid": "66f3a268d23ade1eec55f9ca"
  },
  "unique_id": "5112149",
  "product_name": "Limousin",
  "brand": "Swiss Beef Burger",
  "regular_price": 9.99,
  "selling_price": 9.99,
  "price_per_unit": "pro 2x200g | 100g = 2.50 CHF",
  "breadcrumb": "Sortiment > Sortiment > Limousin",
  "pdp_url": "https://sortiment.lidl.ch/de/limousin-5112149",
  "product_description": "Artikelnr.: 5112149",
  "producthierarchy_level1": "Sortiment",
  "producthierarchy_level2": "Sortiment",
  "producthierarchy_level3": "Limousin",
  "producthierarchy_level4": "",
  "producthierarchy_level5": "",
  "producthierarchy_level6": "",
  "producthierarchy_level7": "",
  "currency": "Swiss franc",
  "file_name_1": "5112149_1.jpg",
  "image_url_1": "https://sortiment.lidl.ch/media/catalog/product/cache/38c728e59b3a47950872534eff8a1e63/5/1/5112149_PSXX.jpg"
},
{
  "_id": {
    "$oid": "66f3a26ad23ade1eec55f9cb"
  },
  "unique_id": "5106002",
  "product_name": "Bauernschnecke",
  "brand": "Bonvalle",
  "regular_price": 3.99,
  "selling_price": 3.99,
  "price_per_unit": "pro 2x120g | 100g = 1.67 CHF",
  "breadcrumb": "Sortiment > Sortiment > Bauernschnecke",
  "pdp_url": "https://sortiment.lidl.ch/de/bauernschnecke-5106002",
  "product_description": "Artikelnr.: 5106002",
  "producthierarchy_level1": "Sortiment",
  "producthierarchy_level2": "Sortiment",
  "producthierarchy_level3": "Bauernschnecke",
  "producthierarchy_level4": "",
  "producthierarchy_level5": "",
  "producthierarchy_level6": "",
  "producthierarchy_level7": "",
  "currency": "Swiss franc",
  "file_name_1": "5106002_1.jpg",
  "image_url_1": "https://sortiment.lidl.ch/media/catalog/product/cache/38c728e59b3a47950872534eff8a1e63/5/1/5106002_PSXX.jpg"
},
{
  "_id": {
    "$oid": "66f3a26bd23ade1eec55f9cc"
  },
  "unique_id": "5106001",
  "product_name": "Bauernbratwurst",
  "brand": "Bonvalle",
  "regular_price": 3.99,
  "selling_price": 3.99,
  "price_per_unit": "pro 2x120g | 100g = 1.67 CHF",
  "breadcrumb": "Sortiment > Sortiment > Bauernbratwurst",
  "pdp_url": "https://sortiment.lidl.ch/de/bauernbratwurst-5106001",
  "product_description": "Artikelnr.: 5106001",
  "producthierarchy_level1": "Sortiment",
  "producthierarchy_level2": "Sortiment",
  "producthierarchy_level3": "Bauernbratwurst",
  "producthierarchy_level4": "",
  "producthierarchy_level5": "",
  "producthierarchy_level6": "",
  "producthierarchy_level7": "",
  "currency": "Swiss franc",
  "file_name_1": "5106001_1.jpg",
  "image_url_1": "https://sortiment.lidl.ch/media/catalog/product/cache/38c728e59b3a47950872534eff8a1e63/5/1/5106001_FKBF.jpg"
},
{
  "_id": {
    "$oid": "66f3a26dd23ade1eec55f9cd"
  },
  "unique_id": "189958",
  "product_name": "Duftkerze",
  "brand": "Livarno",
  "regular_price": 1.99,
  "selling_price": 1.99,
  "price_per_unit": "pro Stück",
  "breadcrumb": "Sortiment > Sortiment > Duftkerze",
  "pdp_url": "https://sortiment.lidl.ch/de/duftkerze-0189958",
  "product_description": "Artikelnr.: 189958",
  "producthierarchy_level1": "Sortiment",
  "producthierarchy_level2": "Sortiment",
  "producthierarchy_level3": "Duftkerze",
  "producthierarchy_level4": "",
  "producthierarchy_level5": "",
  "producthierarchy_level6": "",
  "producthierarchy_level7": "",
  "currency": "Swiss franc",
  "file_name_1": "189958_1.jpg",
  "image_url_1": "https://sortiment.lidl.ch/media/catalog/product/cache/38c728e59b3a47950872534eff8a1e63/1/8/189958_Laveldel_PSXX.jpg",
  "file_name_2": "189958_2.jpg",
  "image_url_2": "https://sortiment.lidl.ch/media/catalog/product/cache/38c728e59b3a47950872534eff8a1e63/1/8/189958_Vanilla_PSXX.jpg",
  "file_name_3": "189958_3.jpg",
  "image_url_3": "https://sortiment.lidl.ch/media/catalog/product/cache/38c728e59b3a47950872534eff8a1e63/1/8/189958_sandelholz_PSXX.jpg"
},
{
  "_id": {
    "$oid": "66f3a26ed23ade1eec55f9ce"
  },
  "unique_id": "190190",
  "product_name": "Baby Reinigungs Wattepads",
  "brand": "Lupilu",
  "regular_price": 2.45,
  "selling_price": 2.45,
  "price_per_unit": "pro 80 Stück | 1 Stk = 0.04 CHF",
  "breadcrumb": "Sortiment > Sortiment > Baby Reinigungs Wattepads",
  "pdp_url": "https://sortiment.lidl.ch/de/baby-reinigungs-wattepads-0190190",
  "product_description": "Artikelnr.: 190190",
  "producthierarchy_level1": "Sortiment",
  "producthierarchy_level2": "Sortiment",
  "producthierarchy_level3": "Baby Reinigungs Wattepads",
  "producthierarchy_level4": "",
  "producthierarchy_level5": "",
  "producthierarchy_level6": "",
  "producthierarchy_level7": "",
  "currency": "Swiss franc",
  "file_name_1": "190190_1.jpg",
  "image_url_1": "https://sortiment.lidl.ch/media/catalog/product/cache/38c728e59b3a47950872534eff8a1e63/1/9/190190_PSXX.jpg"
},
{
  "_id": {
    "$oid": "66f3a270d23ade1eec55f9cf"
  },
  "unique_id": "167858",
  "product_name": "Nature Waschmittel voll / color",
  "brand": "Formil Nature",
  "regular_price": 9.99,
  "selling_price": 9.99,
  "price_per_unit": "pro 2,2l | 1L = 4.55 CHF",
  "breadcrumb": "Sortiment > Sortiment > Nature Waschmittel voll / color",
  "pdp_url": "https://sortiment.lidl.ch/de/nature-waschmittel-voll-color-0167858",
  "product_description": "Artikelnr.: 167858",
  "producthierarchy_level1": "Sortiment",
  "producthierarchy_level2": "Sortiment",
  "producthierarchy_level3": "Nature Waschmittel voll / color",
  "producthierarchy_level4": "",
  "producthierarchy_level5": "",
  "producthierarchy_level6": "",
  "producthierarchy_level7": "",
  "currency": "Swiss franc",
  "file_name_1": "167858_1.jpg",
  "image_url_1": "https://sortiment.lidl.ch/media/catalog/product/cache/38c728e59b3a47950872534eff8a1e63/1/6/167858_AloeVera_PSXX.jpg",
  "file_name_2": "167858_2.jpg",
  "image_url_2": "https://sortiment.lidl.ch/media/catalog/product/cache/38c728e59b3a47950872534eff8a1e63/1/6/167858_Sensitive_PSXX.jpg"
},
{
  "_id": {
    "$oid": "66f3a272d23ade1eec55f9d0"
  },
  "unique_id": "5112334",
  "product_name": "Borotalco Deo Spray",
  "brand": "Borotalco",
  "regular_price": 5.49,
  "selling_price": 5.49,
  "price_per_unit": "pro 150ml | 1L = 36.60 CHF",
  "breadcrumb": "Sortiment > Sortiment > Borotalco Deo Spray",
  "pdp_url": "https://sortiment.lidl.ch/de/borotalco-deo-spray-5112334",
  "product_description": "Artikelnr.: 5112334",
  "producthierarchy_level1": "Sortiment",
  "producthierarchy_level2": "Sortiment",
  "producthierarchy_level3": "Borotalco Deo Spray",
  "producthierarchy_level4": "",
  "producthierarchy_level5": "",
  "producthierarchy_level6": "",
  "producthierarchy_level7": "",
  "currency": "Swiss franc",
  "file_name_1": "5112334_1.jpg",
  "image_url_1": "https://sortiment.lidl.ch/media/catalog/product/cache/38c728e59b3a47950872534eff8a1e63/5/1/5112334_PSXX.jpg"
},
{
  "_id": {
    "$oid": "66f3a273d23ade1eec55f9d1"
  },
  "unique_id": "180530",
  "product_name": "L'Oréal Gesichtscreme Anti-Falten",
  "brand": "L'Oréal",
  "regular_price": 6.49,
  "selling_price": 6.49,
  "price_per_unit": "pro 50ml | 100ML = 12.98 CHF",
  "breadcrumb": "Sortiment > Sortiment > L'Oréal Gesichtscreme Anti-Falten",
  "pdp_url": "https://sortiment.lidl.ch/de/l-oreal-gesichtscreme-anti-falten-0180530",
  "product_description": "Artikelnr.: 180530",
  "producthierarchy_level1": "Sortiment",
  "producthierarchy_level2": "Sortiment",
  "producthierarchy_level3": "L'Oréal Gesichtscreme Anti-Falten",
  "producthierarchy_level4": "",
  "producthierarchy_level5": "",
  "producthierarchy_level6": "",
  "producthierarchy_level7": "",
  "currency": "Swiss franc",
  "file_name_1": "180530_1.jpg",
  "image_url_1": "https://sortiment.lidl.ch/media/catalog/product/cache/38c728e59b3a47950872534eff8a1e63/1/8/180530_Festigend_PSXX.jpg",
  "file_name_2": "180530_2.jpg",
  "image_url_2": "https://sortiment.lidl.ch/media/catalog/product/cache/38c728e59b3a47950872534eff8a1e63/1/8/180530_Intensiv_PSXX.jpg",
  "file_name_3": "180530_3.jpg",
  "image_url_3": "https://sortiment.lidl.ch/media/catalog/product/cache/38c728e59b3a47950872534eff8a1e63/1/8/180530_Staerkend_PSXX.jpg"
},
{
  "_id": {
    "$oid": "66f3a275d23ade1eec55f9d2"
  },
  "unique_id": "133026",
  "product_name": "Hairvital Shampoo",
  "brand": "Cien",
  "regular_price": 1.39,
  "selling_price": 1.39,
  "price_per_unit": "pro 300ml | 1L = 4.64 CHF",
  "breadcrumb": "Sortiment > Sortiment > Hairvital Shampoo",
  "pdp_url": "https://sortiment.lidl.ch/de/hairvital-shampoo-0133026",
  "product_description": "Artikelnr.: 133026",
  "producthierarchy_level1": "Sortiment",
  "producthierarchy_level2": "Sortiment",
  "producthierarchy_level3": "Hairvital Shampoo",
  "producthierarchy_level4": "",
  "producthierarchy_level5": "",
  "producthierarchy_level6": "",
  "producthierarchy_level7": "",
  "currency": "Swiss franc",
  "file_name_1": "133026_1.jpg",
  "image_url_1": "https://sortiment.lidl.ch/media/catalog/product/cache/38c728e59b3a47950872534eff8a1e63/1/3/133026_Colour_Brilliance_PSXX.jpg",
  "file_name_2": "133026_2.jpg",
  "image_url_2": "https://sortiment.lidl.ch/media/catalog/product/cache/38c728e59b3a47950872534eff8a1e63/1/3/133026_Intensive_Repair_PSXX.jpg",
  "file_name_3": "133026_3.jpg",
  "image_url_3": "https://sortiment.lidl.ch/media/catalog/product/cache/38c728e59b3a47950872534eff8a1e63/1/3/133026_Long_Strong_PSXX.jpg"
},
{
  "_id": {
    "$oid": "66f3a276d23ade1eec55f9d3"
  },
  "unique_id": "133014",
  "product_name": "Hairvital Conditioner",
  "brand": "Cien",
  "regular_price": 1.19,
  "selling_price": 1.19,
  "price_per_unit": "pro 250ml | 1L = 4.76 CHF",
  "breadcrumb": "Sortiment > Sortiment > Hairvital Conditioner",
  "pdp_url": "https://sortiment.lidl.ch/de/hairvital-conditioner-0133014",
  "product_description": "Artikelnr.: 133014",
  "producthierarchy_level1": "Sortiment",
  "producthierarchy_level2": "Sortiment",
  "producthierarchy_level3": "Hairvital Conditioner",
  "producthierarchy_level4": "",
  "producthierarchy_level5": "",
  "producthierarchy_level6": "",
  "producthierarchy_level7": "",
  "currency": "Swiss franc",
  "file_name_1": "133014_1.jpg",
  "image_url_1": "https://sortiment.lidl.ch/media/catalog/product/cache/38c728e59b3a47950872534eff8a1e63/1/3/133014_Color_Brilliance_PSXX.jpg",
  "file_name_2": "133014_2.jpg",
  "image_url_2": "https://sortiment.lidl.ch/media/catalog/product/cache/38c728e59b3a47950872534eff8a1e63/1/3/133014_Intensive_Repair_PSXX.jpg",
  "file_name_3": "133014_3.jpg",
  "image_url_3": "https://sortiment.lidl.ch/media/catalog/product/cache/38c728e59b3a47950872534eff8a1e63/1/3/133014_Long_Strong_PSXX.jpg"
},
{
  "_id": {
    "$oid": "66f3a277d23ade1eec55f9d4"
  },
  "unique_id": "210705",
  "product_name": "Sunnebrot",
  "brand": "",
  "regular_price": 2.39,
  "selling_price": 2.39,
  "price_per_unit": "pro 370g | 100g = 0.65 CHF",
  "breadcrumb": "Sortiment > Sortiment > Sunnebrot",
  "pdp_url": "https://sortiment.lidl.ch/de/sunnebrot-0210705",
  "product_description": "Artikelnr.: 210705 Weizenbrot. Zutaten: Weizenmehl *, Wasser, Rapsöl, Speisesalz, Hefe, Weizenkleber , Weizenquellmehl , Gerstenmalzmehl , Traubenzucker, Roggensauerteig ( Roggen ,  Wasser), Mehlbehandlungsmittel: Ascorbinsäure. Kann Spuren von Ei, Erdnüsse, Soja, Milch, Schalenfrüchte (Nüsse), Sellerie, Senf, Sesam und Sulfiten enthalten . *in IPS-Qualität. Zertifizierungsstelle: ProCert AG.  Hergestellt in der Schweiz.",
  "producthierarchy_level1": "Sortiment",
  "producthierarchy_level2": "Sortiment",
  "producthierarchy_level3": "Sunnebrot",
  "producthierarchy_level4": "",
  "producthierarchy_level5": "",
  "producthierarchy_level6": "",
  "producthierarchy_level7": "",
  "currency": "Swiss franc",
  "file_name_1": "210705_1.jpg",
  "image_url_1": "https://sortiment.lidl.ch/media/catalog/product/cache/38c728e59b3a47950872534eff8a1e63/2/1/210705_FKBF.jpg"
},
{
  "_id": {
    "$oid": "66f3a278d23ade1eec55f9d5"
  },
  "unique_id": "7751",
  "product_name": "Ferrero Kinder Joy",
  "brand": "Ferrero",
  "regular_price": 4.49,
  "selling_price": 4.49,
  "price_per_unit": "pro 60g | 100g = 7.49 CHF",
  "breadcrumb": "Sortiment > Sortiment > Ferrero Kinder Joy",
  "pdp_url": "https://sortiment.lidl.ch/de/ferrero-kinder-joy-0007751",
  "product_description": "Artikelnr.: 7751",
  "producthierarchy_level1": "Sortiment",
  "producthierarchy_level2": "Sortiment",
  "producthierarchy_level3": "Ferrero Kinder Joy",
  "producthierarchy_level4": "",
  "producthierarchy_level5": "",
  "producthierarchy_level6": "",
  "producthierarchy_level7": "",
  "currency": "Swiss franc",
  "file_name_1": "7751_1.jpg",
  "image_url_1": "https://sortiment.lidl.ch/media/catalog/product/cache/38c728e59b3a47950872534eff8a1e63/7/7/7751_PSXX.jpg"
},
{
  "_id": {
    "$oid": "66f3a27ad23ade1eec55f9d6"
  },
  "unique_id": "5110303",
  "product_name": "Vitamin Well Boost",
  "brand": "Vitamin Well",
  "regular_price": 2.25,
  "selling_price": 2.25,
  "price_per_unit": "pro 500ml | 1L = 4.50 CHF",
  "breadcrumb": "Sortiment > Sortiment > Vitamin Well Boost",
  "pdp_url": "https://sortiment.lidl.ch/de/vitamin-well-boost-5110303",
  "product_description": "Artikelnr.: 5110303",
  "producthierarchy_level1": "Sortiment",
  "producthierarchy_level2": "Sortiment",
  "producthierarchy_level3": "Vitamin Well Boost",
  "producthierarchy_level4": "",
  "producthierarchy_level5": "",
  "producthierarchy_level6": "",
  "producthierarchy_level7": "",
  "currency": "Swiss franc",
  "file_name_1": "5110303_1.jpg",
  "image_url_1": "https://sortiment.lidl.ch/media/catalog/product/cache/38c728e59b3a47950872534eff8a1e63/5/1/5110303_PSXX.jpg"
},
{
  "_id": {
    "$oid": "66f3a27bd23ade1eec55f9d7"
  },
  "unique_id": "5008143",
  "product_name": "Weingut Müller Grüner Veltliner 2023",
  "brand": "Weingut Müller",
  "regular_price": 7.95,
  "selling_price": 7.95,
  "price_per_unit": "pro 0,75l | 1L = 10.60 CHF",
  "breadcrumb": "Sortiment > Sortiment > Weingut Müller Grüner Veltliner 2023",
  "pdp_url": "https://sortiment.lidl.ch/de/weingut-mueller-gruener-veltliner-2023-5008143",
  "product_description": "Artikelnr.: 5008143",
  "producthierarchy_level1": "Sortiment",
  "producthierarchy_level2": "Sortiment",
  "producthierarchy_level3": "Weingut Müller Grüner Veltliner 2023",
  "producthierarchy_level4": "",
  "producthierarchy_level5": "",
  "producthierarchy_level6": "",
  "producthierarchy_level7": "",
  "currency": "Swiss franc",
  "file_name_1": "5008143_1.jpg",
  "image_url_1": "https://sortiment.lidl.ch/media/catalog/product/cache/38c728e59b3a47950872534eff8a1e63/5/0/5008143_PSWE.jpg"
},
{
  "_id": {
    "$oid": "66f3a27dd23ade1eec55f9d8"
  },
  "unique_id": "196261",
  "product_name": "Bio Babynahrung Abendbrei Griess",
  "brand": "Lupilu",
  "regular_price": 1.49,
  "selling_price": 1.49,
  "price_per_unit": "pro 190g | 100g = 0.79 CHF",
  "breadcrumb": "Sortiment > Sortiment > Bio Babynahrung Abendbrei Griess",
  "pdp_url": "https://sortiment.lidl.ch/de/bio-babynahrung-abendbrei-griess-0196261",
  "product_description": "Artikelnr.: 196261",
  "producthierarchy_level1": "Sortiment",
  "producthierarchy_level2": "Sortiment",
  "producthierarchy_level3": "Bio Babynahrung Abendbrei Griess",
  "producthierarchy_level4": "",
  "producthierarchy_level5": "",
  "producthierarchy_level6": "",
  "producthierarchy_level7": "",
  "currency": "Swiss franc",
  "file_name_1": "196261_1.jpg",
  "image_url_1": "https://sortiment.lidl.ch/media/catalog/product/cache/38c728e59b3a47950872534eff8a1e63/1/9/196261_PSXX.jpg"
},
{
  "_id": {
    "$oid": "66f3a27ed23ade1eec55f9d9"
  },
  "unique_id": "193630",
  "product_name": "Bio Babynahrung Gemüse mit Poulet",
  "brand": "Lupilu",
  "regular_price": 1.49,
  "selling_price": 1.49,
  "price_per_unit": "pro 190g | 100g = 0.79 CHF",
  "breadcrumb": "Sortiment > Sortiment > Bio Babynahrung Gemüse mit Poulet",
  "pdp_url": "https://sortiment.lidl.ch/de/bio-babynahrung-gemuese-mit-poulet-0193630",
  "product_description": "Artikelnr.: 193630",
  "producthierarchy_level1": "Sortiment",
  "producthierarchy_level2": "Sortiment",
  "producthierarchy_level3": "Bio Babynahrung Gemüse mit Poulet",
  "producthierarchy_level4": "",
  "producthierarchy_level5": "",
  "producthierarchy_level6": "",
  "producthierarchy_level7": "",
  "currency": "Swiss franc",
  "file_name_1": "193630_1.jpg",
  "image_url_1": "https://sortiment.lidl.ch/media/catalog/product/cache/38c728e59b3a47950872534eff8a1e63/1/9/193630_PSXX.jpg"
},
{
  "_id": {
    "$oid": "66f3a280d23ade1eec55f9da"
  },
  "unique_id": "138009",
  "product_name": "Bio Babynahrung Bolognese",
  "brand": "Lupilu",
  "regular_price": 1.59,
  "selling_price": 1.59,
  "price_per_unit": "pro 220g | 100g = 0.73 CHF",
  "breadcrumb": "Sortiment > Sortiment > Bio Babynahrung Bolognese",
  "pdp_url": "https://sortiment.lidl.ch/de/bio-babynahrung-bolognese-0138009",
  "product_description": "Artikelnr.: 138009",
  "producthierarchy_level1": "Sortiment",
  "producthierarchy_level2": "Sortiment",
  "producthierarchy_level3": "Bio Babynahrung Bolognese",
  "producthierarchy_level4": "",
  "producthierarchy_level5": "",
  "producthierarchy_level6": "",
  "producthierarchy_level7": "",
  "currency": "Swiss franc",
  "file_name_1": "138009_1.jpg",
  "image_url_1": "https://sortiment.lidl.ch/media/catalog/product/cache/38c728e59b3a47950872534eff8a1e63/1/3/138009_PSXX.jpg"
},
{
  "_id": {
    "$oid": "66f3a281d23ade1eec55f9db"
  },
  "unique_id": "138003",
  "product_name": "Bio Babynahrung Gemüse, Reis, Rind",
  "brand": "Lupilu",
  "regular_price": 1.69,
  "selling_price": 1.69,
  "price_per_unit": "pro 250g | 100g = 0.68 CHF",
  "breadcrumb": "Sortiment > Sortiment > Bio Babynahrung Gemüse, Reis, Rind",
  "pdp_url": "https://sortiment.lidl.ch/de/bio-babynahrung-gemuese-reis-rind-0138003",
  "product_description": "Artikelnr.: 138003",
  "producthierarchy_level1": "Sortiment",
  "producthierarchy_level2": "Sortiment",
  "producthierarchy_level3": "Bio Babynahrung Gemüse, Reis, Rind",
  "producthierarchy_level4": "",
  "producthierarchy_level5": "",
  "producthierarchy_level6": "",
  "producthierarchy_level7": "",
  "currency": "Swiss franc",
  "file_name_1": "138003_1.jpg",
  "image_url_1": "https://sortiment.lidl.ch/media/catalog/product/cache/38c728e59b3a47950872534eff8a1e63/1/3/138003_PSXX.jpg"
},
{
  "_id": {
    "$oid": "66f3a283d23ade1eec55f9dc"
  },
  "unique_id": "196979",
  "product_name": "Bio Babynahrung Frucht",
  "brand": "Lupilu",
  "regular_price": 1.49,
  "selling_price": 1.49,
  "price_per_unit": "pro 190g | 100g = 0.79 CHF",
  "breadcrumb": "Sortiment > Sortiment > Bio Babynahrung Frucht",
  "pdp_url": "https://sortiment.lidl.ch/de/bio-babynahrung-frucht-0196979",
  "product_description": "Artikelnr.: 196979",
  "producthierarchy_level1": "Sortiment",
  "producthierarchy_level2": "Sortiment",
  "producthierarchy_level3": "Bio Babynahrung Frucht",
  "producthierarchy_level4": "",
  "producthierarchy_level5": "",
  "producthierarchy_level6": "",
  "producthierarchy_level7": "",
  "currency": "Swiss franc",
  "file_name_1": "196979_1.jpg",
  "image_url_1": "https://sortiment.lidl.ch/media/catalog/product/cache/38c728e59b3a47950872534eff8a1e63/1/9/196979_PSXX.jpg"
},
{
  "_id": {
    "$oid": "66f3a284d23ade1eec55f9dd"
  },
  "unique_id": "189289",
  "product_name": "Bio Kichererbsen / rote Kidneybohnen",
  "brand": "Freshona",
  "regular_price": 1.79,
  "selling_price": 1.79,
  "price_per_unit": "pro 380g | 100g = 0.48 CHF",
  "breadcrumb": "Sortiment > Sortiment > Bio Kichererbsen / rote Kidneybohnen",
  "pdp_url": "https://sortiment.lidl.ch/de/bio-kichererbsen-rote-kidneybohnen-0189289",
  "product_description": "Artikelnr.: 189289",
  "producthierarchy_level1": "Sortiment",
  "producthierarchy_level2": "Sortiment",
  "producthierarchy_level3": "Bio Kichererbsen / rote Kidneybohnen",
  "producthierarchy_level4": "",
  "producthierarchy_level5": "",
  "producthierarchy_level6": "",
  "producthierarchy_level7": "",
  "currency": "Swiss franc",
  "file_name_1": "189289_1.jpg",
  "image_url_1": "https://sortiment.lidl.ch/media/catalog/product/cache/38c728e59b3a47950872534eff8a1e63/1/8/189289_Kichererbsen_PSXX.jpg",
  "file_name_2": "189289_2.jpg",
  "image_url_2": "https://sortiment.lidl.ch/media/catalog/product/cache/38c728e59b3a47950872534eff8a1e63/1/8/189289_Kidenybohnen_PSXX.jpg"
},
{
  "_id": {
    "$oid": "66f3a286d23ade1eec55f9de"
  },
  "unique_id": "142043",
  "product_name": "Bio Tomatenmark",
  "brand": "Baresa",
  "regular_price": 1.39,
  "selling_price": 1.39,
  "price_per_unit": "pro 200g | 100g = 0.70 CHF",
  "breadcrumb": "Sortiment > Sortiment > Bio Tomatenmark",
  "pdp_url": "https://sortiment.lidl.ch/de/bio-tomatenmark-0142043",
  "product_description": "Artikelnr.: 142043",
  "producthierarchy_level1": "Sortiment",
  "producthierarchy_level2": "Sortiment",
  "producthierarchy_level3": "Bio Tomatenmark",
  "producthierarchy_level4": "",
  "producthierarchy_level5": "",
  "producthierarchy_level6": "",
  "producthierarchy_level7": "",
  "currency": "Swiss franc",
  "file_name_1": "142043_1.jpg",
  "image_url_1": "https://sortiment.lidl.ch/media/catalog/product/cache/38c728e59b3a47950872534eff8a1e63/1/4/142043_PSXX.jpg"
},
{
  "_id": {
    "$oid": "66f3a287d23ade1eec55f9df"
  },
  "unique_id": "149970",
  "product_name": "Bio Haferflocken grob",
  "brand": "Crownfield",
  "regular_price": 1.19,
  "selling_price": 1.19,
  "price_per_unit": "pro 500g | 100g = 0.24 CHF",
  "breadcrumb": "Sortiment > Sortiment > Bio Haferflocken grob",
  "pdp_url": "https://sortiment.lidl.ch/de/bio-haferflocken-grob-0149970",
  "product_description": "Artikelnr.: 149970",
  "producthierarchy_level1": "Sortiment",
  "producthierarchy_level2": "Sortiment",
  "producthierarchy_level3": "Bio Haferflocken grob",
  "producthierarchy_level4": "",
  "producthierarchy_level5": "",
  "producthierarchy_level6": "",
  "producthierarchy_level7": "",
  "currency": "Swiss franc",
  "file_name_1": "149970_1.jpg",
  "image_url_1": "https://sortiment.lidl.ch/media/catalog/product/cache/38c728e59b3a47950872534eff8a1e63/1/4/149970_PSXX.jpg"
},
{
  "_id": {
    "$oid": "66f3a288d23ade1eec55f9e0"
  },
  "unique_id": "51958",
  "product_name": "Haferflocken grob",
  "brand": "Crownfield",
  "regular_price": 0.75,
  "selling_price": 0.75,
  "price_per_unit": "pro 500g | 100g = 0.15 CHF",
  "breadcrumb": "Sortiment > Sortiment > Haferflocken grob",
  "pdp_url": "https://sortiment.lidl.ch/de/haferflocken-grob-0051958",
  "product_description": "Artikelnr.: 51958",
  "producthierarchy_level1": "Sortiment",
  "producthierarchy_level2": "Sortiment",
  "producthierarchy_level3": "Haferflocken grob",
  "producthierarchy_level4": "",
  "producthierarchy_level5": "",
  "producthierarchy_level6": "",
  "producthierarchy_level7": "",
  "currency": "Swiss franc",
  "file_name_1": "51958_1.jpg",
  "image_url_1": "https://sortiment.lidl.ch/media/catalog/product/cache/38c728e59b3a47950872534eff8a1e63/5/1/51958_PSXX.jpg"
},
{
  "_id": {
    "$oid": "66f3a289d23ade1eec55f9e1"
  },
  "unique_id": "19661",
  "product_name": "Haferflocken zart",
  "brand": "Crownfield",
  "regular_price": 0.75,
  "selling_price": 0.75,
  "price_per_unit": "pro 500g | 100g = 0.15 CHF",
  "breadcrumb": "Sortiment > Sortiment > Haferflocken zart",
  "pdp_url": "https://sortiment.lidl.ch/de/haferflocken-zart-0019661",
  "product_description": "Artikelnr.: 19661",
  "producthierarchy_level1": "Sortiment",
  "producthierarchy_level2": "Sortiment",
  "producthierarchy_level3": "Haferflocken zart",
  "producthierarchy_level4": "",
  "producthierarchy_level5": "",
  "producthierarchy_level6": "",
  "producthierarchy_level7": "",
  "currency": "Swiss franc",
  "file_name_1": "19661_1.jpg",
  "image_url_1": "https://sortiment.lidl.ch/media/catalog/product/cache/38c728e59b3a47950872534eff8a1e63/1/9/19661_PSXX.jpg"
},
{
  "_id": {
    "$oid": "66f3a28ad23ade1eec55f9e2"
  },
  "unique_id": "138281",
  "product_name": "Schokolade-Späne",
  "brand": "Belbake",
  "regular_price": 1.99,
  "selling_price": 1.99,
  "price_per_unit": "pro 100g",
  "breadcrumb": "Sortiment > Sortiment > Schokolade-Späne",
  "pdp_url": "https://sortiment.lidl.ch/de/schokolade-spaene-0138281",
  "product_description": "Artikelnr.: 138281",
  "producthierarchy_level1": "Sortiment",
  "producthierarchy_level2": "Sortiment",
  "producthierarchy_level3": "Schokolade-Späne",
  "producthierarchy_level4": "",
  "producthierarchy_level5": "",
  "producthierarchy_level6": "",
  "producthierarchy_level7": "",
  "currency": "Swiss franc",
  "file_name_1": "138281_1.jpg",
  "image_url_1": "https://sortiment.lidl.ch/media/catalog/product/cache/38c728e59b3a47950872534eff8a1e63/1/3/138281_PSXX.jpg"
},
{
  "_id": {
    "$oid": "66f3a28cd23ade1eec55f9e3"
  },
  "unique_id": "45073",
  "product_name": "Oregano gerebelt",
  "brand": "Kania",
  "regular_price": 0.59,
  "selling_price": 0.59,
  "price_per_unit": "pro 12g | 100g = 4.92 CHF",
  "breadcrumb": "Sortiment > Sortiment > Oregano gerebelt",
  "pdp_url": "https://sortiment.lidl.ch/de/oregano-gerebelt-0045073",
  "product_description": "Artikelnr.: 45073",
  "producthierarchy_level1": "Sortiment",
  "producthierarchy_level2": "Sortiment",
  "producthierarchy_level3": "Oregano gerebelt",
  "producthierarchy_level4": "",
  "producthierarchy_level5": "",
  "producthierarchy_level6": "",
  "producthierarchy_level7": "",
  "currency": "Swiss franc",
  "file_name_1": "45073_1.jpg",
  "image_url_1": "https://sortiment.lidl.ch/media/catalog/product/cache/38c728e59b3a47950872534eff8a1e63/4/5/45073_PSXX.jpg"
},
{
  "_id": {
    "$oid": "66f3a28dd23ade1eec55f9e4"
  },
  "unique_id": "7715217",
  "product_name": "Flying Goose Sriracha Sauce",
  "brand": "Flying Goose",
  "regular_price": 4.89,
  "selling_price": 4.89,
  "price_per_unit": "pro 455ml | 1L = 10.75 CHF",
  "breadcrumb": "Sortiment > Sortiment > Flying Goose Sriracha Sauce",
  "pdp_url": "https://sortiment.lidl.ch/de/flying-goose-sriracha-sauce-7715217",
  "product_description": "Artikelnr.: 7715217",
  "producthierarchy_level1": "Sortiment",
  "producthierarchy_level2": "Sortiment",
  "producthierarchy_level3": "Flying Goose Sriracha Sauce",
  "producthierarchy_level4": "",
  "producthierarchy_level5": "",
  "producthierarchy_level6": "",
  "producthierarchy_level7": "",
  "currency": "Swiss franc",
  "file_name_1": "7715217_1.jpg",
  "image_url_1": "https://sortiment.lidl.ch/media/catalog/product/cache/38c728e59b3a47950872534eff8a1e63/7/7/7715217_Hot_Chilli_PSXX.jpg",
  "file_name_2": "7715217_2.jpg",
  "image_url_2": "https://sortiment.lidl.ch/media/catalog/product/cache/38c728e59b3a47950872534eff8a1e63/7/7/7715217_sweet_PSXX.jpg"
},
{
  "_id": {
    "$oid": "66f3a28fd23ade1eec55f9e5"
  },
  "unique_id": "5111997",
  "product_name": "PicNic Eier Freilandhaltung",
  "brand": "Schweizer",
  "regular_price": 3.45,
  "selling_price": 3.45,
  "price_per_unit": "pro 6 Stück | 1 Stk = 0.58 CHF",
  "breadcrumb": "Sortiment > Sortiment > PicNic Eier Freilandhaltung",
  "pdp_url": "https://sortiment.lidl.ch/de/picnic-eier-freilandhaltung-5111997",
  "product_description": "Artikelnr.: 5111997",
  "producthierarchy_level1": "Sortiment",
  "producthierarchy_level2": "Sortiment",
  "producthierarchy_level3": "PicNic Eier Freilandhaltung",
  "producthierarchy_level4": "",
  "producthierarchy_level5": "",
  "producthierarchy_level6": "",
  "producthierarchy_level7": "",
  "currency": "Swiss franc",
  "file_name_1": "5111997_1.jpg",
  "image_url_1": "https://sortiment.lidl.ch/media/catalog/product/cache/38c728e59b3a47950872534eff8a1e63/5/1/5111997_TN_picniceier_PSXX.jpg"
},
{
  "_id": {
    "$oid": "66f3a290d23ade1eec55f9e6"
  },
  "unique_id": "5111987",
  "product_name": "Eier Bodenhaltung",
  "brand": "",
  "regular_price": 4.25,
  "selling_price": 4.25,
  "price_per_unit": "pro 15 Stück | 1 Stk = 0.29 CHF",
  "breadcrumb": "Sortiment > Sortiment > Eier Bodenhaltung",
  "pdp_url": "https://sortiment.lidl.ch/de/eier-bodenhaltung-5111987",
  "product_description": "Artikelnr.: 5111987",
  "producthierarchy_level1": "Sortiment",
  "producthierarchy_level2": "Sortiment",
  "producthierarchy_level3": "Eier Bodenhaltung",
  "producthierarchy_level4": "",
  "producthierarchy_level5": "",
  "producthierarchy_level6": "",
  "producthierarchy_level7": "",
  "currency": "Swiss franc",
  "file_name_1": "5111987_1.jpg",
  "image_url_1": "https://sortiment.lidl.ch/media/catalog/product/cache/38c728e59b3a47950872534eff8a1e63/5/1/5111987_15erEier_PSXX.jpg"
},
{
  "_id": {
    "$oid": "66f3a292d23ade1eec55f9e7"
  },
  "unique_id": "6011553",
  "product_name": "Bio Kokos-Reis Drink",
  "brand": "Vemondo",
  "regular_price": 1.99,
  "selling_price": 1.99,
  "price_per_unit": "pro 1l",
  "breadcrumb": "Sortiment > Sortiment > Bio Kokos-Reis Drink",
  "pdp_url": "https://sortiment.lidl.ch/de/bio-kokos-reis-drink-6011553",
  "product_description": "Artikelnr.: 6011553",
  "producthierarchy_level1": "Sortiment",
  "producthierarchy_level2": "Sortiment",
  "producthierarchy_level3": "Bio Kokos-Reis Drink",
  "producthierarchy_level4": "",
  "producthierarchy_level5": "",
  "producthierarchy_level6": "",
  "producthierarchy_level7": "",
  "currency": "Swiss franc",
  "file_name_1": "6011553_1.jpg",
  "image_url_1": "https://sortiment.lidl.ch/media/catalog/product/cache/38c728e59b3a47950872534eff8a1e63/6/0/6011553_PSXX.jpg"
},
{
  "_id": {
    "$oid": "66f3a293d23ade1eec55f9e8"
  },
  "unique_id": "211501",
  "product_name": "Pizza",
  "brand": "Chef Select",
  "regular_price": 2.69,
  "selling_price": 2.69,
  "price_per_unit": "pro 430g | 100g = 0.63 CHF",
  "breadcrumb": "Sortiment > Sortiment > Pizza",
  "pdp_url": "https://sortiment.lidl.ch/de/pizza-0211501",
  "product_description": "Artikelnr.: 211501",
  "producthierarchy_level1": "Sortiment",
  "producthierarchy_level2": "Sortiment",
  "producthierarchy_level3": "Pizza",
  "producthierarchy_level4": "",
  "producthierarchy_level5": "",
  "producthierarchy_level6": "",
  "producthierarchy_level7": "",
  "currency": "Swiss franc",
  "file_name_1": "211501_1.jpg",
  "image_url_1": "https://sortiment.lidl.ch/media/catalog/product/cache/38c728e59b3a47950872534eff8a1e63/2/1/211501_PSXX.jpg"
},
{
  "_id": {
    "$oid": "66f3a295d23ade1eec55f9e9"
  },
  "unique_id": "5100400",
  "product_name": "Schweizer Joghurt Birchermüsli",
  "brand": "Milbona",
  "regular_price": 0.65,
  "selling_price": 0.65,
  "price_per_unit": "pro 200g | 100g = 0.33 CHF",
  "breadcrumb": "Sortiment > Sortiment > Schweizer Joghurt Birchermüsli",
  "pdp_url": "https://sortiment.lidl.ch/de/schweizer-joghurt-birchermuesli-5100400",
  "product_description": "Artikelnr.: 5100400",
  "producthierarchy_level1": "Sortiment",
  "producthierarchy_level2": "Sortiment",
  "producthierarchy_level3": "Schweizer Joghurt Birchermüsli",
  "producthierarchy_level4": "",
  "producthierarchy_level5": "",
  "producthierarchy_level6": "",
  "producthierarchy_level7": "",
  "currency": "Swiss franc",
  "file_name_1": "5100400_1.jpg",
  "image_url_1": "https://sortiment.lidl.ch/media/catalog/product/cache/38c728e59b3a47950872534eff8a1e63/5/1/5100400_PSXX.jpg"
},
{
  "_id": {
    "$oid": "66f3a296d23ade1eec55f9ea"
  },
  "unique_id": "5100399",
  "product_name": "Schweizer Joghurt Aprikose",
  "brand": "Milbona",
  "regular_price": 0.65,
  "selling_price": 0.65,
  "price_per_unit": "pro 200g | 100g = 0.33 CHF",
  "breadcrumb": "Sortiment > Sortiment > Schweizer Joghurt Aprikose",
  "pdp_url": "https://sortiment.lidl.ch/de/schweizer-joghurt-aprikose-5100399",
  "product_description": "Artikelnr.: 5100399",
  "producthierarchy_level1": "Sortiment",
  "producthierarchy_level2": "Sortiment",
  "producthierarchy_level3": "Schweizer Joghurt Aprikose",
  "producthierarchy_level4": "",
  "producthierarchy_level5": "",
  "producthierarchy_level6": "",
  "producthierarchy_level7": "",
  "currency": "Swiss franc",
  "file_name_1": "5100399_1.jpg",
  "image_url_1": "https://sortiment.lidl.ch/media/catalog/product/cache/38c728e59b3a47950872534eff8a1e63/5/1/5100399_PSXX.jpg"
},
{
  "_id": {
    "$oid": "66f3a298d23ade1eec55f9eb"
  },
  "unique_id": "5100398",
  "product_name": "Schweizer Joghurt Erdbeere",
  "brand": "Milbona",
  "regular_price": 0.65,
  "selling_price": 0.65,
  "price_per_unit": "pro 200g | 100g = 0.33 CHF",
  "breadcrumb": "Sortiment > Sortiment > Schweizer Joghurt Erdbeere",
  "pdp_url": "https://sortiment.lidl.ch/de/schweizer-joghurt-erdbeere-5100398",
  "product_description": "Artikelnr.: 5100398",
  "producthierarchy_level1": "Sortiment",
  "producthierarchy_level2": "Sortiment",
  "producthierarchy_level3": "Schweizer Joghurt Erdbeere",
  "producthierarchy_level4": "",
  "producthierarchy_level5": "",
  "producthierarchy_level6": "",
  "producthierarchy_level7": "",
  "currency": "Swiss franc",
  "file_name_1": "5100398_1.jpg",
  "image_url_1": "https://sortiment.lidl.ch/media/catalog/product/cache/38c728e59b3a47950872534eff8a1e63/5/1/5100398_PSXX.jpg"
},
{
  "_id": {
    "$oid": "66f3a299d23ade1eec55f9ec"
  },
  "unique_id": "5100395",
  "product_name": "Schweizer Joghurt Haselnuss",
  "brand": "Milbona",
  "regular_price": 0.65,
  "selling_price": 0.65,
  "price_per_unit": "pro 200g | 100g = 0.33 CHF",
  "breadcrumb": "Sortiment > Sortiment > Schweizer Joghurt Haselnuss",
  "pdp_url": "https://sortiment.lidl.ch/de/schweizer-joghurt-haselnuss-5100395",
  "product_description": "Artikelnr.: 5100395",
  "producthierarchy_level1": "Sortiment",
  "producthierarchy_level2": "Sortiment",
  "producthierarchy_level3": "Schweizer Joghurt Haselnuss",
  "producthierarchy_level4": "",
  "producthierarchy_level5": "",
  "producthierarchy_level6": "",
  "producthierarchy_level7": "",
  "currency": "Swiss franc",
  "file_name_1": "5100395_1.jpg",
  "image_url_1": "https://sortiment.lidl.ch/media/catalog/product/cache/38c728e59b3a47950872534eff8a1e63/5/1/5100395_PSXX.jpg"
},
{
  "_id": {
    "$oid": "66f3a29ad23ade1eec55f9ed"
  },
  "unique_id": "5100394",
  "product_name": "Schweizer Joghurt Himbeere",
  "brand": "Milbona",
  "regular_price": 0.65,
  "selling_price": 0.65,
  "price_per_unit": "pro 200g | 100g = 0.33 CHF",
  "breadcrumb": "Sortiment > Sortiment > Schweizer Joghurt Himbeere",
  "pdp_url": "https://sortiment.lidl.ch/de/schweizer-joghurt-himbeere-5100394",
  "product_description": "Artikelnr.: 5100394",
  "producthierarchy_level1": "Sortiment",
  "producthierarchy_level2": "Sortiment",
  "producthierarchy_level3": "Schweizer Joghurt Himbeere",
  "producthierarchy_level4": "",
  "producthierarchy_level5": "",
  "producthierarchy_level6": "",
  "producthierarchy_level7": "",
  "currency": "Swiss franc",
  "file_name_1": "5100394_1.jpg",
  "image_url_1": "https://sortiment.lidl.ch/media/catalog/product/cache/38c728e59b3a47950872534eff8a1e63/5/1/5100394_PSXX.jpg"
},
{
  "_id": {
    "$oid": "66f3a29cd23ade1eec55f9ee"
  },
  "unique_id": "5100393",
  "product_name": "Schweizer Joghurt Waldfrucht",
  "brand": "Milbona",
  "regular_price": 0.65,
  "selling_price": 0.65,
  "price_per_unit": "pro 200g | 100g = 0.33 CHF",
  "breadcrumb": "Sortiment > Sortiment > Schweizer Joghurt Waldfrucht",
  "pdp_url": "https://sortiment.lidl.ch/de/schweizer-joghurt-waldfrucht-5100393",
  "product_description": "Artikelnr.: 5100393",
  "producthierarchy_level1": "Sortiment",
  "producthierarchy_level2": "Sortiment",
  "producthierarchy_level3": "Schweizer Joghurt Waldfrucht",
  "producthierarchy_level4": "",
  "producthierarchy_level5": "",
  "producthierarchy_level6": "",
  "producthierarchy_level7": "",
  "currency": "Swiss franc",
  "file_name_1": "5100393_1.jpg",
  "image_url_1": "https://sortiment.lidl.ch/media/catalog/product/cache/38c728e59b3a47950872534eff8a1e63/5/1/5100393_PSXX.jpg"
},
{
  "_id": {
    "$oid": "66f3a29dd23ade1eec55f9ef"
  },
  "unique_id": "5100388",
  "product_name": "Schweizer Joghurt Vanille",
  "brand": "Milbona",
  "regular_price": 0.65,
  "selling_price": 0.65,
  "price_per_unit": "pro 200g | 100g = 0.33 CHF",
  "breadcrumb": "Sortiment > Sortiment > Schweizer Joghurt Vanille",
  "pdp_url": "https://sortiment.lidl.ch/de/schweizer-joghurt-vanille-5100388",
  "product_description": "Artikelnr.: 5100388",
  "producthierarchy_level1": "Sortiment",
  "producthierarchy_level2": "Sortiment",
  "producthierarchy_level3": "Schweizer Joghurt Vanille",
  "producthierarchy_level4": "",
  "producthierarchy_level5": "",
  "producthierarchy_level6": "",
  "producthierarchy_level7": "",
  "currency": "Swiss franc",
  "file_name_1": "5100388_1.jpg",
  "image_url_1": "https://sortiment.lidl.ch/media/catalog/product/cache/38c728e59b3a47950872534eff8a1e63/5/1/5100388_PSXX.jpg"
},
{
  "_id": {
    "$oid": "66f3a29ed23ade1eec55f9f0"
  },
  "unique_id": "5100387",
  "product_name": "Schweizer Joghurt Pêche-Melba",
  "brand": "Milbona",
  "regular_price": 0.65,
  "selling_price": 0.65,
  "price_per_unit": "pro 200g | 100g = 0.33 CHF",
  "breadcrumb": "Sortiment > Sortiment > Schweizer Joghurt Pêche-Melba",
  "pdp_url": "https://sortiment.lidl.ch/de/schweizer-joghurt-peche-melba-5100387",
  "product_description": "Artikelnr.: 5100387",
  "producthierarchy_level1": "Sortiment",
  "producthierarchy_level2": "Sortiment",
  "producthierarchy_level3": "Schweizer Joghurt Pêche-Melba",
  "producthierarchy_level4": "",
  "producthierarchy_level5": "",
  "producthierarchy_level6": "",
  "producthierarchy_level7": "",
  "currency": "Swiss franc",
  "file_name_1": "5100387_1.jpg",
  "image_url_1": "https://sortiment.lidl.ch/media/catalog/product/cache/38c728e59b3a47950872534eff8a1e63/5/1/5100387_PSXX.jpg"
},
{
  "_id": {
    "$oid": "66f3a29fd23ade1eec55f9f1"
  },
  "unique_id": "5100386",
  "product_name": "Schweizer Joghurt Heidelbeer",
  "brand": "Milbona",
  "regular_price": 0.65,
  "selling_price": 0.65,
  "price_per_unit": "pro 200g | 100g = 0.33 CHF",
  "breadcrumb": "Sortiment > Sortiment > Schweizer Joghurt Heidelbeer",
  "pdp_url": "https://sortiment.lidl.ch/de/schweizer-joghurt-heidelbeer-5100386",
  "product_description": "Artikelnr.: 5100386",
  "producthierarchy_level1": "Sortiment",
  "producthierarchy_level2": "Sortiment",
  "producthierarchy_level3": "Schweizer Joghurt Heidelbeer",
  "producthierarchy_level4": "",
  "producthierarchy_level5": "",
  "producthierarchy_level6": "",
  "producthierarchy_level7": "",
  "currency": "Swiss franc",
  "file_name_1": "5100386_1.jpg",
  "image_url_1": "https://sortiment.lidl.ch/media/catalog/product/cache/38c728e59b3a47950872534eff8a1e63/5/1/5100386_PSXX.jpg"
},
{
  "_id": {
    "$oid": "66f3a2a0d23ade1eec55f9f2"
  },
  "unique_id": "133678",
  "product_name": "Skyr to go",
  "brand": "Milbona",
  "regular_price": 2.99,
  "selling_price": 2.99,
  "price_per_unit": "pro 4x100g | 100g = 0.75 CHF",
  "breadcrumb": "Sortiment > Sortiment > Skyr to go",
  "pdp_url": "https://sortiment.lidl.ch/de/skyr-to-go-0133678",
  "product_description": "Artikelnr.: 133678",
  "producthierarchy_level1": "Sortiment",
  "producthierarchy_level2": "Sortiment",
  "producthierarchy_level3": "Skyr to go",
  "producthierarchy_level4": "",
  "producthierarchy_level5": "",
  "producthierarchy_level6": "",
  "producthierarchy_level7": "",
  "currency": "Swiss franc",
  "file_name_1": "133678_1.jpg",
  "image_url_1": "https://sortiment.lidl.ch/media/catalog/product/cache/38c728e59b3a47950872534eff8a1e63/1/3/133678_Blueberry_PSXX.jpg",
  "file_name_2": "133678_2.jpg",
  "image_url_2": "https://sortiment.lidl.ch/media/catalog/product/cache/38c728e59b3a47950872534eff8a1e63/1/3/133678_Strawberry_PSXX.jpg",
  "file_name_3": "133678_3.jpg",
  "image_url_3": "https://sortiment.lidl.ch/media/catalog/product/cache/38c728e59b3a47950872534eff8a1e63/1/3/133678_Vanilla_PSXX.jpg"
},
{
  "_id": {
    "$oid": "66f3a2a2d23ade1eec55f9f3"
  },
  "unique_id": "5111965",
  "product_name": "ASC Pangasiusknusperli",
  "brand": "Ocean Sea",
  "regular_price": 6.99,
  "selling_price": 6.99,
  "price_per_unit": "pro 720g | 100g = 0.98 CHF",
  "breadcrumb": "Sortiment > Sortiment > ASC Pangasiusknusperli",
  "pdp_url": "https://sortiment.lidl.ch/de/asc-pangasiusknusperli-5111965",
  "product_description": "Artikelnr.: 5111965",
  "producthierarchy_level1": "Sortiment",
  "producthierarchy_level2": "Sortiment",
  "producthierarchy_level3": "ASC Pangasiusknusperli",
  "producthierarchy_level4": "",
  "producthierarchy_level5": "",
  "producthierarchy_level6": "",
  "producthierarchy_level7": "",
  "currency": "Swiss franc",
  "file_name_1": "5111965_1.jpg",
  "image_url_1": "https://sortiment.lidl.ch/media/catalog/product/cache/38c728e59b3a47950872534eff8a1e63/5/1/5111965_FKBF.jpg"
},
{
  "_id": {
    "$oid": "66f3a2a3d23ade1eec55f9f4"
  },
  "unique_id": "195291",
  "product_name": "MSC Wildlachsfilet im Blätterteig",
  "brand": "Ocean Sea",
  "regular_price": 5.89,
  "selling_price": 5.89,
  "price_per_unit": "pro 300g | 100g = 1.97 CHF",
  "breadcrumb": "Sortiment > Sortiment > MSC Wildlachsfilet im Blätterteig",
  "pdp_url": "https://sortiment.lidl.ch/de/msc-wildlachsfilet-im-blaetterteig-0195291",
  "product_description": "Artikelnr.: 195291",
  "producthierarchy_level1": "Sortiment",
  "producthierarchy_level2": "Sortiment",
  "producthierarchy_level3": "MSC Wildlachsfilet im Blätterteig",
  "producthierarchy_level4": "",
  "producthierarchy_level5": "",
  "producthierarchy_level6": "",
  "producthierarchy_level7": "",
  "currency": "Swiss franc",
  "file_name_1": "195291_1.jpg",
  "image_url_1": "https://sortiment.lidl.ch/media/catalog/product/cache/38c728e59b3a47950872534eff8a1e63/1/9/195291_Blattspinat_PSXX.jpg",
  "file_name_2": "195291_2.jpg",
  "image_url_2": "https://sortiment.lidl.ch/media/catalog/product/cache/38c728e59b3a47950872534eff8a1e63/1/9/195291_Dill_PSXX.jpg"
},
{
  "_id": {
    "$oid": "66f3a2a4d23ade1eec55f9f5"
  },
  "unique_id": "187413",
  "product_name": "ASC Lachsfilet",
  "brand": "Ocean Sea",
  "regular_price": 5.95,
  "selling_price": 5.95,
  "price_per_unit": "pro 2x125g | 100g = 2.38 CHF",
  "breadcrumb": "Sortiment > Sortiment > ASC Lachsfilet",
  "pdp_url": "https://sortiment.lidl.ch/de/asc-lachsfilet-0187413",
  "product_description": "Artikelnr.: 187413",
  "producthierarchy_level1": "Sortiment",
  "producthierarchy_level2": "Sortiment",
  "producthierarchy_level3": "ASC Lachsfilet",
  "producthierarchy_level4": "",
  "producthierarchy_level5": "",
  "producthierarchy_level6": "",
  "producthierarchy_level7": "",
  "currency": "Swiss franc",
  "file_name_1": "187413_1.jpg",
  "image_url_1": "https://sortiment.lidl.ch/media/catalog/product/cache/38c728e59b3a47950872534eff8a1e63/1/8/187413_PSXX.jpg"
},
{
  "_id": {
    "$oid": "66f3a2a6d23ade1eec55f9f6"
  },
  "unique_id": "153116",
  "product_name": "Eiscreme",
  "brand": "Bon Gelati",
  "regular_price": 2.89,
  "selling_price": 2.89,
  "price_per_unit": "pro 1000ml",
  "breadcrumb": "Sortiment > Sortiment > Eiscreme",
  "pdp_url": "https://sortiment.lidl.ch/de/eiscreme-0153116",
  "product_description": "Artikelnr.: 153116",
  "producthierarchy_level1": "Sortiment",
  "producthierarchy_level2": "Sortiment",
  "producthierarchy_level3": "Eiscreme",
  "producthierarchy_level4": "",
  "producthierarchy_level5": "",
  "producthierarchy_level6": "",
  "producthierarchy_level7": "",
  "currency": "Swiss franc",
  "file_name_1": "153116_1.jpg",
  "image_url_1": "https://sortiment.lidl.ch/media/catalog/product/cache/38c728e59b3a47950872534eff8a1e63/1/5/153116_Stracciatella_PSXX.jpg",
  "file_name_2": "153116_2.jpg",
  "image_url_2": "https://sortiment.lidl.ch/media/catalog/product/cache/38c728e59b3a47950872534eff8a1e63/1/5/153116_Strawberry_PSXX.jpg"
},
{
  "_id": {
    "$oid": "66f3a2a7d23ade1eec55f9f7"
  },
  "unique_id": "21461",
  "product_name": "Eiscreme",
  "brand": "Bon Gelati",
  "regular_price": 2.89,
  "selling_price": 2.89,
  "price_per_unit": "pro 1000ml",
  "breadcrumb": "Sortiment > Sortiment > Eiscreme",
  "pdp_url": "https://sortiment.lidl.ch/de/eiscreme-0021461",
  "product_description": "Artikelnr.: 21461",
  "producthierarchy_level1": "Sortiment",
  "producthierarchy_level2": "Sortiment",
  "producthierarchy_level3": "Eiscreme",
  "producthierarchy_level4": "",
  "producthierarchy_level5": "",
  "producthierarchy_level6": "",
  "producthierarchy_level7": "",
  "currency": "Swiss franc",
  "file_name_1": "21461_1.jpg",
  "image_url_1": "https://sortiment.lidl.ch/media/catalog/product/cache/38c728e59b3a47950872534eff8a1e63/2/1/21461_Vanilla_PSXX.jpg",
  "file_name_2": "21461_2.jpg",
  "image_url_2": "https://sortiment.lidl.ch/media/catalog/product/cache/38c728e59b3a47950872534eff8a1e63/2/1/21461_Walnut_PSXX.jpg"
},
{
  "_id": {
    "$oid": "66f3a2a9d23ade1eec55f9f8"
  },
  "unique_id": "5718001",
  "product_name": "Sweet Strawberries",
  "brand": "Sweet Corner",
  "regular_price": 1.99,
  "selling_price": 1.99,
  "price_per_unit": "pro 300g | 100g = 0.67 CHF",
  "breadcrumb": "Sortiment > Sortiment > Sweet Strawberries",
  "pdp_url": "https://sortiment.lidl.ch/de/sweet-strawberries-5718001",
  "product_description": "Artikelnr.: 5718001",
  "producthierarchy_level1": "Sortiment",
  "producthierarchy_level2": "Sortiment",
  "producthierarchy_level3": "Sweet Strawberries",
  "producthierarchy_level4": "",
  "producthierarchy_level5": "",
  "producthierarchy_level6": "",
  "producthierarchy_level7": "",
  "currency": "Swiss franc",
  "file_name_1": "5718001_1.jpg",
  "image_url_1": "https://sortiment.lidl.ch/media/catalog/product/cache/38c728e59b3a47950872534eff8a1e63/5/7/5718001_PSXX.jpg"
},
{
  "_id": {
    "$oid": "66f3a2aad23ade1eec55f9f9"
  },
  "unique_id": "5112076",
  "product_name": "Landrauchschinken",
  "brand": "Maestade",
  "regular_price": 3.89,
  "selling_price": 3.89,
  "price_per_unit": "pro 100g",
  "breadcrumb": "Sortiment > Sortiment > Landrauchschinken",
  "pdp_url": "https://sortiment.lidl.ch/de/landrauchschinken-5112076",
  "product_description": "Artikelnr.: 5112076",
  "producthierarchy_level1": "Sortiment",
  "producthierarchy_level2": "Sortiment",
  "producthierarchy_level3": "Landrauchschinken",
  "producthierarchy_level4": "",
  "producthierarchy_level5": "",
  "producthierarchy_level6": "",
  "producthierarchy_level7": "",
  "currency": "Swiss franc",
  "file_name_1": "5112076_1.jpg",
  "image_url_1": "https://sortiment.lidl.ch/media/catalog/product/cache/38c728e59b3a47950872534eff8a1e63/5/1/5112076_PSXX.jpg"
},
{
  "_id": {
    "$oid": "66f3a2abd23ade1eec55f9fa"
  },
  "unique_id": "204369",
  "product_name": "Olivenvariationen mit Stein",
  "brand": "Chef Select",
  "regular_price": 1.99,
  "selling_price": 1.99,
  "price_per_unit": "pro 150g | 100g = 1.33 CHF",
  "breadcrumb": "Sortiment > Sortiment > Olivenvariationen mit Stein",
  "pdp_url": "https://sortiment.lidl.ch/de/olivenvariationen-mit-stein-0204369",
  "product_description": "Artikelnr.: 204369",
  "producthierarchy_level1": "Sortiment",
  "producthierarchy_level2": "Sortiment",
  "producthierarchy_level3": "Olivenvariationen mit Stein",
  "producthierarchy_level4": "",
  "producthierarchy_level5": "",
  "producthierarchy_level6": "",
  "producthierarchy_level7": "",
  "currency": "Swiss franc",
  "file_name_1": "204369_1.jpg",
  "image_url_1": "https://sortiment.lidl.ch/media/amasty/amoptmobile/catalog/product/cache/38c728e59b3a47950872534eff8a1e63/2/0/204369_Gordal_PSXX.jpg",
  "file_name_2": "204369_2.jpg",
  "image_url_2": "https://sortiment.lidl.ch/media/catalog/product/cache/38c728e59b3a47950872534eff8a1e63/2/0/204369_Gruen_PSXX.jpg",
  "file_name_3": "204369_3.jpg",
  "image_url_3": "https://sortiment.lidl.ch/media/catalog/product/cache/38c728e59b3a47950872534eff8a1e63/2/0/204369_Kalamata_PSXX.jpg",
  "file_name_4": "204369_4.jpg",
  "image_url_4": "https://sortiment.lidl.ch/media/catalog/product/cache/38c728e59b3a47950872534eff8a1e63/2/0/204369_Nocellara_PSXX.jpg"
},
{
  "_id": {
    "$oid": "66f3a2add23ade1eec55f9fb"
  },
  "unique_id": "189763",
  "product_name": "Bio Antipasti",
  "brand": "chef select fine cuisine",
  "regular_price": 2.49,
  "selling_price": 2.49,
  "price_per_unit": "pro 150g | 100g = 1.66 CHF",
  "breadcrumb": "Sortiment > Sortiment > Bio Antipasti",
  "pdp_url": "https://sortiment.lidl.ch/de/bio-antipasti-0189763",
  "product_description": "Artikelnr.: 189763",
  "producthierarchy_level1": "Sortiment",
  "producthierarchy_level2": "Sortiment",
  "producthierarchy_level3": "Bio Antipasti",
  "producthierarchy_level4": "",
  "producthierarchy_level5": "",
  "producthierarchy_level6": "",
  "producthierarchy_level7": "",
  "currency": "Swiss franc",
  "file_name_1": "189763_1.jpg",
  "image_url_1": "https://sortiment.lidl.ch/media/catalog/product/cache/38c728e59b3a47950872534eff8a1e63/1/8/189763_GruenePaprika_Frischkaese_PSXX.jpg",
  "file_name_2": "189763_2.jpg",
  "image_url_2": "https://sortiment.lidl.ch/media/catalog/product/cache/38c728e59b3a47950872534eff8a1e63/1/8/189763_GruenePeperoni_Frischkaese_PSXX.jpg",
  "file_name_3": "189763_3.jpg",
  "image_url_3": "https://sortiment.lidl.ch/media/catalog/product/cache/38c728e59b3a47950872534eff8a1e63/1/8/189763_RotePaprika_Frischkaese_PSXX.jpg"
},
{
  "_id": {
    "$oid": "66f3a2aed23ade1eec55f9fc"
  },
  "unique_id": "189760",
  "product_name": "Bio Oliven",
  "brand": "Chef Select",
  "regular_price": 2.49,
  "selling_price": 2.49,
  "price_per_unit": "pro 150g | 100g = 1.66 CHF",
  "breadcrumb": "Sortiment > Sortiment > Bio Oliven",
  "pdp_url": "https://sortiment.lidl.ch/de/bio-oliven-0189760",
  "product_description": "Artikelnr.: 189760",
  "producthierarchy_level1": "Sortiment",
  "producthierarchy_level2": "Sortiment",
  "producthierarchy_level3": "Bio Oliven",
  "producthierarchy_level4": "",
  "producthierarchy_level5": "",
  "producthierarchy_level6": "",
  "producthierarchy_level7": "",
  "currency": "Swiss franc",
  "file_name_1": "189760_1.jpg",
  "image_url_1": "https://sortiment.lidl.ch/media/catalog/product/cache/38c728e59b3a47950872534eff8a1e63/1/8/189760_Kalamata_oel_KnoblauchKraeuter_PSXX.jpg",
  "file_name_2": "189760_2.jpg",
  "image_url_2": "https://sortiment.lidl.ch/media/catalog/product/cache/38c728e59b3a47950872534eff8a1e63/1/8/189760_oel_KnoblauchKraeuter_PSXX.jpg",
  "file_name_3": "189760_3.jpg",
  "image_url_3": "https://sortiment.lidl.ch/media/catalog/product/cache/38c728e59b3a47950872534eff8a1e63/1/8/189760_oel_PSXX.jpg"
},
{
  "_id": {
    "$oid": "66f3a2afd23ade1eec55f9fd"
  },
  "unique_id": "195563",
  "product_name": "Mini Käse Snack",
  "brand": "Milbona",
  "regular_price": 1.99,
  "selling_price": 1.99,
  "price_per_unit": "pro 120g | 100g = 1.66 CHF",
  "breadcrumb": "Sortiment > Sortiment > Mini Käse Snack",
  "pdp_url": "https://sortiment.lidl.ch/de/mini-kaese-snack-0195563",
  "product_description": "Artikelnr.: 195563",
  "producthierarchy_level1": "Sortiment",
  "producthierarchy_level2": "Sortiment",
  "producthierarchy_level3": "Mini Käse Snack",
  "producthierarchy_level4": "",
  "producthierarchy_level5": "",
  "producthierarchy_level6": "",
  "producthierarchy_level7": "",
  "currency": "Swiss franc",
  "file_name_1": "195563_1.jpg",
  "image_url_1": "https://sortiment.lidl.ch/media/catalog/product/cache/38c728e59b3a47950872534eff8a1e63/1/9/195563_Classic_PSXX.jpg",
  "file_name_2": "195563_2.jpg",
  "image_url_2": "https://sortiment.lidl.ch/media/catalog/product/cache/38c728e59b3a47950872534eff8a1e63/1/9/195563_Light_PSXX.jpg"
},
{
  "_id": {
    "$oid": "66f3a2b1d23ade1eec55f9fe"
  },
  "unique_id": "5111922",
  "product_name": "Schinkengipfeli",
  "brand": "Culinea",
  "regular_price": 5.89,
  "selling_price": 5.89,
  "price_per_unit": "pro 12x42g | 100g = 1.17 CHF",
  "breadcrumb": "Sortiment > Sortiment > Schinkengipfeli",
  "pdp_url": "https://sortiment.lidl.ch/de/schinkengipfeli-5111922",
  "product_description": "Artikelnr.: 5111922",
  "producthierarchy_level1": "Sortiment",
  "producthierarchy_level2": "Sortiment",
  "producthierarchy_level3": "Schinkengipfeli",
  "producthierarchy_level4": "",
  "producthierarchy_level5": "",
  "producthierarchy_level6": "",
  "producthierarchy_level7": "",
  "currency": "Swiss franc",
  "file_name_1": "5111922_1.jpg",
  "image_url_1": "https://sortiment.lidl.ch/media/catalog/product/cache/38c728e59b3a47950872534eff8a1e63/5/1/5111922_FKBF.jpg"
},
{
  "_id": {
    "$oid": "66f3a2b2d23ade1eec55f9ff"
  },
  "unique_id": "205407",
  "product_name": "Tessinerbrot",
  "brand": "",
  "regular_price": 1.99,
  "selling_price": 1.49,
  "price_per_unit": "pro 400g | 100g = 0.38 CHF",
  "breadcrumb": "Sortiment > Sortiment > Tessinerbrot",
  "pdp_url": "https://sortiment.lidl.ch/de/tessinerbrot-0205407",
  "product_description": "Artikelnr.: 205407 Hinweis: Bitte gleiche die Artikelnummer auf dem Preisschild mit bei der Zutatenliste stehenden Artikelnummer ab. Je nach Region sind unterschiedliche Lieferanten möglich. Artikelnummer: 205407 - Tessinerbrot. Zutaten: Weizenmehl , Wasser, Rapsöl, Eier* , Hefe, Speisesalz, Weizenkleber, Weizenquellmehl,  Eiweiss*, Traubenzucker , Gerstenmalzmehl, Milcheiweiss , Sauerteig (enthält Roggen ), Mehlbehandlungsmittel: Ascorbinsäure. Kann Spuren von Erdnüsse, Soja, Schalenfrüchte (Nüsse), Sellerie, Senf, Sesam und Sulfiten enthalten. *aus Freilandhaltung. Hergestellt in der Schweiz. Artikelnummer: 5111449 - Tessinerbrot. Zutaten: 55,5% Weizenmehl , Wasser, Rapsöl, Backhefe, Speisesalz, 0,8% Weizeneiweiss , Malzmehl (Gerste, Weizen) , Dextrose, Sauerteig getrocknet (Weizen, Roggen), Weizengluten, Dinkelmehl, Roggenmehl, Zucker, Erbsenprotein, Sonnenblumenöl, Stärke, Acerolafruchtpulver (auf Maltodextrin), Mehlbehandlungsmittel: Ascorbinsäure. Kann Spuren von Ei, Erdnüsse, Soja, Milch, Schalenfrüchte (Nüsse), Sellerie, Senf, Sesam und Sulfiten enthalten. Hergestellt in der Schweiz.",
  "producthierarchy_level1": "Sortiment",
  "producthierarchy_level2": "Sortiment",
  "producthierarchy_level3": "Tessinerbrot",
  "producthierarchy_level4": "",
  "producthierarchy_level5": "",
  "producthierarchy_level6": "",
  "producthierarchy_level7": "",
  "currency": "Swiss franc",
  "file_name_1": "205407_1.jpg",
  "image_url_1": "https://sortiment.lidl.ch/media/catalog/product/cache/38c728e59b3a47950872534eff8a1e63/2/0/205407_FKBF.jpg"
},
{
  "_id": {
    "$oid": "66f3a2b3d23ade1eec55fa00"
  },
  "unique_id": "181056",
  "product_name": "Way to go dunkle Schokolade",
  "brand": "Fairglobe",
  "regular_price": 2.39,
  "selling_price": 2.39,
  "price_per_unit": "pro 180g | 100g = 1.33 CHF",
  "breadcrumb": "Sortiment > Sortiment > Way to go dunkle Schokolade",
  "pdp_url": "https://sortiment.lidl.ch/de/way-to-go-dunkle-schokolade-0181056",
  "product_description": "Artikelnr.: 181056",
  "producthierarchy_level1": "Sortiment",
  "producthierarchy_level2": "Sortiment",
  "producthierarchy_level3": "Way to go dunkle Schokolade",
  "producthierarchy_level4": "",
  "producthierarchy_level5": "",
  "producthierarchy_level6": "",
  "producthierarchy_level7": "",
  "currency": "Swiss franc",
  "file_name_1": "181056_1.jpg",
  "image_url_1": "https://sortiment.lidl.ch/media/catalog/product/cache/38c728e59b3a47950872534eff8a1e63/1/8/181056_PSXX.jpg"
},
{
  "_id": {
    "$oid": "66f3a2b4d23ade1eec55fa01"
  },
  "unique_id": "205406",
  "product_name": "Pane Maggia",
  "brand": "",
  "regular_price": 2.99,
  "selling_price": 2.99,
  "price_per_unit": "pro 400g | 100g = 0.75 CHF",
  "breadcrumb": "Sortiment > Sortiment > Pane Maggia",
  "pdp_url": "https://sortiment.lidl.ch/de/pane-maggia-0205406",
  "product_description": "Artikelnr.: 205406 Weizenbrot. Zutaten: Weizenmehl , Wasser, Speisesalz, Sauerteig ( Roggen , Wasser), Hefe, Weizenkleber , Dextrose, geröstetes Weizenmalzmehl , Acerolapulver (auf Maltodextrin), Gerstenmalzmehl , Mehlbehandlungsmittel: Ascorbinsäure. Kann Spuren von Eiern, Erdnüssen, Soja, Milch, Schalenfrüchte (Nüsse), Sellerie, Senf, Sesam und Sulfiten enthalten. Hergestellt in der Schweiz.",
  "producthierarchy_level1": "Sortiment",
  "producthierarchy_level2": "Sortiment",
  "producthierarchy_level3": "Pane Maggia",
  "producthierarchy_level4": "",
  "producthierarchy_level5": "",
  "producthierarchy_level6": "",
  "producthierarchy_level7": "",
  "currency": "Swiss franc",
  "file_name_1": "205406_1.jpg",
  "image_url_1": "https://sortiment.lidl.ch/media/catalog/product/cache/38c728e59b3a47950872534eff8a1e63/2/0/205406_FKBF.jpg"
},
{
  "_id": {
    "$oid": "66f3a2b5d23ade1eec55fa02"
  },
  "unique_id": "5111763",
  "product_name": "Bio Usserrhödler",
  "brand": "Fromani",
  "regular_price": 3.99,
  "selling_price": 3.99,
  "price_per_unit": "pro 200g | 100g = 2.00 CHF",
  "breadcrumb": "Sortiment > Sortiment > Bio Usserrhödler",
  "pdp_url": "https://sortiment.lidl.ch/de/bio-usserrhoedler-5111763",
  "product_description": "Artikelnr.: 5111763",
  "producthierarchy_level1": "Sortiment",
  "producthierarchy_level2": "Sortiment",
  "producthierarchy_level3": "Bio Usserrhödler",
  "producthierarchy_level4": "",
  "producthierarchy_level5": "",
  "producthierarchy_level6": "",
  "producthierarchy_level7": "",
  "currency": "Swiss franc",
  "file_name_1": "5111763_1.jpg",
  "image_url_1": "https://sortiment.lidl.ch/media/catalog/product/cache/38c728e59b3a47950872534eff8a1e63/5/1/5111763_Fromani_Bio_Usserrhoedler_Bergkaese_PSXX.jpg"
},
{
  "_id": {
    "$oid": "66f3a2b6d23ade1eec55fa03"
  },
  "unique_id": "160705",
  "product_name": "Kompostbeutel",
  "brand": "Purio",
  "regular_price": 2.49,
  "selling_price": 2.49,
  "price_per_unit": "pro 15 Stück",
  "breadcrumb": "Sortiment > Sortiment > Kompostbeutel",
  "pdp_url": "https://sortiment.lidl.ch/de/kompostbeutel-0160705",
  "product_description": "Artikelnr.: 160705",
  "producthierarchy_level1": "Sortiment",
  "producthierarchy_level2": "Sortiment",
  "producthierarchy_level3": "Kompostbeutel",
  "producthierarchy_level4": "",
  "producthierarchy_level5": "",
  "producthierarchy_level6": "",
  "producthierarchy_level7": "",
  "currency": "Swiss franc",
  "file_name_1": "160705_1.jpg",
  "image_url_1": "https://sortiment.lidl.ch/media/catalog/product/cache/38c728e59b3a47950872534eff8a1e63/1/6/160705_PSXX.jpg"
},
{
  "_id": {
    "$oid": "66f3a2b8d23ade1eec55fa04"
  },
  "unique_id": "152006",
  "product_name": "Instant Kaffee entkoffeiniert",
  "brand": "Bellarom",
  "regular_price": 3.89,
  "selling_price": 3.89,
  "price_per_unit": "pro 200g | 100g = 1.95 CHF",
  "breadcrumb": "Sortiment > Sortiment > Instant Kaffee entkoffeiniert",
  "pdp_url": "https://sortiment.lidl.ch/de/instant-kaffee-entkoffeiniert-0152006",
  "product_description": "Artikelnr.: 152006",
  "producthierarchy_level1": "Sortiment",
  "producthierarchy_level2": "Sortiment",
  "producthierarchy_level3": "Instant Kaffee entkoffeiniert",
  "producthierarchy_level4": "",
  "producthierarchy_level5": "",
  "producthierarchy_level6": "",
  "producthierarchy_level7": "",
  "currency": "Swiss franc",
  "file_name_1": "152006_1.jpg",
  "image_url_1": "https://sortiment.lidl.ch/media/catalog/product/cache/38c728e59b3a47950872534eff8a1e63/1/5/152006_PSXX.jpg"
},
{
  "_id": {
    "$oid": "66f3a2b9d23ade1eec55fa05"
  },
  "unique_id": "6611469",
  "product_name": "Vegan Block Greek Style",
  "brand": "Vemondo",
  "regular_price": 2.99,
  "selling_price": 2.99,
  "price_per_unit": "pro 150g | 100g = 2.00 CHF",
  "breadcrumb": "Sortiment > Sortiment > Vegan Block Greek Style",
  "pdp_url": "https://sortiment.lidl.ch/de/vegan-block-greek-style-6611469",
  "product_description": "Artikelnr.: 6611469",
  "producthierarchy_level1": "Sortiment",
  "producthierarchy_level2": "Sortiment",
  "producthierarchy_level3": "Vegan Block Greek Style",
  "producthierarchy_level4": "",
  "producthierarchy_level5": "",
  "producthierarchy_level6": "",
  "producthierarchy_level7": "",
  "currency": "Swiss franc",
  "file_name_1": "6611469_1.jpg",
  "image_url_1": "https://sortiment.lidl.ch/media/amasty/amoptmobile/catalog/product/cache/38c728e59b3a47950872534eff8a1e63/6/6/6611469_PSXX.jpg"
},
{
  "_id": {
    "$oid": "66f3a2bad23ade1eec55fa06"
  },
  "unique_id": "80224",
  "product_name": "Liebling der Apfelkönigin",
  "brand": "",
  "regular_price": 2.79,
  "selling_price": 2.79,
  "price_per_unit": "pro 6Stk. | 1 Stk = 0.47 CHF",
  "breadcrumb": "Sortiment > Sortiment > Liebling der Apfelkönigin",
  "pdp_url": "https://sortiment.lidl.ch/de/liebling-der-apfelkoenigin-0080224",
  "product_description": "Artikelnr.: 80224",
  "producthierarchy_level1": "Sortiment",
  "producthierarchy_level2": "Sortiment",
  "producthierarchy_level3": "Liebling der Apfelkönigin",
  "producthierarchy_level4": "",
  "producthierarchy_level5": "",
  "producthierarchy_level6": "",
  "producthierarchy_level7": "",
  "currency": "Swiss franc",
  "file_name_1": "80224_1.jpg",
  "image_url_1": "https://sortiment.lidl.ch/media/catalog/product/cache/38c728e59b3a47950872534eff8a1e63/8/0/80224_OGAX.jpg"
},
{
  "_id": {
    "$oid": "66f3a2bbd23ade1eec55fa07"
  },
  "unique_id": "195219",
  "product_name": "Kalkstopp-Tabs",
  "brand": "W5",
  "regular_price": 6.89,
  "selling_price": 6.89,
  "price_per_unit": "pro 60x16g | 100g = 0.72 CHF",
  "breadcrumb": "Sortiment > Sortiment > Kalkstopp-Tabs",
  "pdp_url": "https://sortiment.lidl.ch/de/kalkstopp-tabs-0195219",
  "product_description": "Artikelnr.: 195219",
  "producthierarchy_level1": "Sortiment",
  "producthierarchy_level2": "Sortiment",
  "producthierarchy_level3": "Kalkstopp-Tabs",
  "producthierarchy_level4": "",
  "producthierarchy_level5": "",
  "producthierarchy_level6": "",
  "producthierarchy_level7": "",
  "currency": "Swiss franc",
  "file_name_1": "195219_1.jpg",
  "image_url_1": "https://sortiment.lidl.ch/media/catalog/product/cache/38c728e59b3a47950872534eff8a1e63/1/9/195219_PSXX.jpg"
},
{
  "_id": {
    "$oid": "66f3a2bcd23ade1eec55fa08"
  },
  "unique_id": "184289",
  "product_name": "Mentos Bonbons",
  "brand": "Mentos",
  "regular_price": 1.49,
  "selling_price": 1.49,
  "price_per_unit": "pro 2x38g | 100g = 1.97 CHF",
  "breadcrumb": "Sortiment > Sortiment > Mentos Bonbons",
  "pdp_url": "https://sortiment.lidl.ch/de/mentos-bonbons-0184289",
  "product_description": "Artikelnr.: 184289",
  "producthierarchy_level1": "Sortiment",
  "producthierarchy_level2": "Sortiment",
  "producthierarchy_level3": "Mentos Bonbons",
  "producthierarchy_level4": "",
  "producthierarchy_level5": "",
  "producthierarchy_level6": "",
  "producthierarchy_level7": "",
  "currency": "Swiss franc",
  "file_name_1": "184289_1.jpg",
  "image_url_1": "https://sortiment.lidl.ch/media/catalog/product/cache/38c728e59b3a47950872534eff8a1e63/1/8/184289_Fanta_PSXX.jpg",
  "file_name_2": "184289_2.jpg",
  "image_url_2": "https://sortiment.lidl.ch/media/catalog/product/cache/38c728e59b3a47950872534eff8a1e63/1/8/184289_Fruit_PSXX.jpg",
  "file_name_3": "184289_3.jpg",
  "image_url_3": "https://sortiment.lidl.ch/media/catalog/product/cache/38c728e59b3a47950872534eff8a1e63/1/8/184289_Mint_PSXX.jpg"
},
{
  "_id": {
    "$oid": "66f3a2bdd23ade1eec55fa09"
  },
  "unique_id": "7400081",
  "product_name": "Mandelgebäck",
  "brand": "Sondey",
  "regular_price": 3.69,
  "selling_price": 3.69,
  "price_per_unit": "pro 175g | 100g = 2.11 CHF",
  "breadcrumb": "Sortiment > Sortiment > Mandelgebäck",
  "pdp_url": "https://sortiment.lidl.ch/de/mandelgebaeck-7400081",
  "product_description": "Artikelnr.: 7400081",
  "producthierarchy_level1": "Sortiment",
  "producthierarchy_level2": "Sortiment",
  "producthierarchy_level3": "Mandelgebäck",
  "producthierarchy_level4": "",
  "producthierarchy_level5": "",
  "producthierarchy_level6": "",
  "producthierarchy_level7": "",
  "currency": "Swiss franc",
  "file_name_1": "7400081_1.jpg",
  "image_url_1": "https://sortiment.lidl.ch/media/catalog/product/cache/38c728e59b3a47950872534eff8a1e63/7/4/7400081_PSXX.jpg"
},
{
  "_id": {
    "$oid": "66f3a2bed23ade1eec55fa0a"
  },
  "unique_id": "5717931",
  "product_name": "Safran",
  "brand": "Kania",
  "regular_price": 1.65,
  "selling_price": 1.65,
  "price_per_unit": "pro 375mg, 400mg | 10g = 0.01, 0.01 CHF",
  "breadcrumb": "Sortiment > Sortiment > Safran",
  "pdp_url": "https://sortiment.lidl.ch/de/safran-5717931",
  "product_description": "Artikelnr.: 5717931",
  "producthierarchy_level1": "Sortiment",
  "producthierarchy_level2": "Sortiment",
  "producthierarchy_level3": "Safran",
  "producthierarchy_level4": "",
  "producthierarchy_level5": "",
  "producthierarchy_level6": "",
  "producthierarchy_level7": "",
  "currency": "Swiss franc",
  "file_name_1": "5717931_1.jpg",
  "image_url_1": "https://sortiment.lidl.ch/media/catalog/product/cache/38c728e59b3a47950872534eff8a1e63/5/7/5717931_Faeden_PSXX.jpg",
  "file_name_2": "5717931_2.jpg",
  "image_url_2": "https://sortiment.lidl.ch/media/catalog/product/cache/38c728e59b3a47950872534eff8a1e63/5/7/5717931_gemahlen_PSXX.jpg"
},
{
  "_id": {
    "$oid": "66f3a2bfd23ade1eec55fa0b"
  },
  "unique_id": "82923",
  "product_name": "Pak Choi 2 Stk",
  "brand": "",
  "regular_price": 1.39,
  "selling_price": 0.99,
  "price_per_unit": "pro 2 Stk.",
  "breadcrumb": "Sortiment > Sortiment > Pak Choi 2 Stk",
  "pdp_url": "https://sortiment.lidl.ch/de/pak-choi-2-stk-0082923",
  "product_description": "Artikelnr.: 82923",
  "producthierarchy_level1": "Sortiment",
  "producthierarchy_level2": "Sortiment",
  "producthierarchy_level3": "Pak Choi 2 Stk",
  "producthierarchy_level4": "",
  "producthierarchy_level5": "",
  "producthierarchy_level6": "",
  "producthierarchy_level7": "",
  "currency": "Swiss franc",
  "file_name_1": "82923_1.jpg",
  "image_url_1": "https://sortiment.lidl.ch/media/catalog/product/cache/38c728e59b3a47950872534eff8a1e63/8/2/82923_OGAX.jpg",
  "file_name_2": "82923_2.jpg",
  "image_url_2": "https://sortiment.lidl.ch/media/catalog/product/cache/38c728e59b3a47950872534eff8a1e63/8/2/82923_OGFG.jpg"
},
{
  "_id": {
    "$oid": "66f3a2c0d23ade1eec55fa0c"
  },
  "unique_id": "5110088",
  "product_name": "Bio Teigwaren Spätzli / Knöpfli",
  "brand": "Chef Select",
  "regular_price": 2.99,
  "selling_price": 2.99,
  "price_per_unit": "pro 500g | 100g = 0.60 CHF",
  "breadcrumb": "Sortiment > Sortiment > Bio Teigwaren Spätzli / Knöpfli",
  "pdp_url": "https://sortiment.lidl.ch/de/bio-teigwaren-spaetzli-knoepfli-5110088",
  "product_description": "Artikelnr.: 5110088",
  "producthierarchy_level1": "Sortiment",
  "producthierarchy_level2": "Sortiment",
  "producthierarchy_level3": "Bio Teigwaren Spätzli / Knöpfli",
  "producthierarchy_level4": "",
  "producthierarchy_level5": "",
  "producthierarchy_level6": "",
  "producthierarchy_level7": "",
  "currency": "Swiss franc",
  "file_name_1": "5110088_1.jpg",
  "image_url_1": "https://sortiment.lidl.ch/media/catalog/product/cache/38c728e59b3a47950872534eff8a1e63/5/1/5110088_BioKnoepfli_PSXX.jpg",
  "file_name_2": "5110088_2.jpg",
  "image_url_2": "https://sortiment.lidl.ch/media/catalog/product/cache/38c728e59b3a47950872534eff8a1e63/5/1/5110088_BioSpaetzli_PSXX.jpg"
},
{
  "_id": {
    "$oid": "66f3a2c1d23ade1eec55fa0d"
  },
  "unique_id": "5105311",
  "product_name": "Faustino VII Tempranillo",
  "brand": "",
  "regular_price": 8.99,
  "selling_price": 8.99,
  "price_per_unit": "pro 0,75l | 1L = 11.99 CHF",
  "breadcrumb": "Sortiment > Sortiment > Faustino VII Tempranillo",
  "pdp_url": "https://sortiment.lidl.ch/de/faustino-vii-tempranillo-5105311",
  "product_description": "Artikelnr.: 5105311",
  "producthierarchy_level1": "Sortiment",
  "producthierarchy_level2": "Sortiment",
  "producthierarchy_level3": "Faustino VII Tempranillo",
  "producthierarchy_level4": "",
  "producthierarchy_level5": "",
  "producthierarchy_level6": "",
  "producthierarchy_level7": "",
  "currency": "Swiss franc",
  "file_name_1": "5105311_1.jpg",
  "image_url_1": "https://sortiment.lidl.ch/media/catalog/product/cache/38c728e59b3a47950872534eff8a1e63/5/1/5105311_2015_PSWE.jpg"
},
{
  "_id": {
    "$oid": "66f3a2c3d23ade1eec55fa0e"
  },
  "unique_id": "6005820",
  "product_name": "Bio Büffelmozzarella",
  "brand": "Milbona",
  "regular_price": 2.99,
  "selling_price": 2.99,
  "price_per_unit": "pro 125g | 100g = 2.40 CHF",
  "breadcrumb": "Sortiment > Sortiment > Bio Büffelmozzarella",
  "pdp_url": "https://sortiment.lidl.ch/de/bio-bueffelmozzarella-6005820",
  "product_description": "Artikelnr.: 6005820",
  "producthierarchy_level1": "Sortiment",
  "producthierarchy_level2": "Sortiment",
  "producthierarchy_level3": "Bio Büffelmozzarella",
  "producthierarchy_level4": "",
  "producthierarchy_level5": "",
  "producthierarchy_level6": "",
  "producthierarchy_level7": "",
  "currency": "Swiss franc",
  "file_name_1": "6005820_1.jpg",
  "image_url_1": "https://sortiment.lidl.ch/media/catalog/product/cache/38c728e59b3a47950872534eff8a1e63/6/0/6005820_PSXX.jpg"
},
{
  "_id": {
    "$oid": "66f3a2c4d23ade1eec55fa0f"
  },
  "unique_id": "5112268",
  "product_name": "Camille Bloch Tafeln Kirsch / Williams",
  "brand": "Camille Bloch",
  "regular_price": 3.19,
  "selling_price": 3.19,
  "price_per_unit": "pro 100g",
  "breadcrumb": "Sortiment > Sortiment > Camille Bloch Tafeln Kirsch / Williams",
  "pdp_url": "https://sortiment.lidl.ch/de/camille-bloch-tafeln-kirsch-williams-5112268",
  "product_description": "Artikelnr.: 5112268",
  "producthierarchy_level1": "Sortiment",
  "producthierarchy_level2": "Sortiment",
  "producthierarchy_level3": "Camille Bloch Tafeln Kirsch / Williams",
  "producthierarchy_level4": "",
  "producthierarchy_level5": "",
  "producthierarchy_level6": "",
  "producthierarchy_level7": "",
  "currency": "Swiss franc",
  "file_name_1": "5112268_1.jpg",
  "image_url_1": "https://sortiment.lidl.ch/media/catalog/product/cache/38c728e59b3a47950872534eff8a1e63/5/1/5112268_Kirsch_PSXX.jpg",
  "file_name_2": "5112268_2.jpg",
  "image_url_2": "https://sortiment.lidl.ch/media/catalog/product/cache/38c728e59b3a47950872534eff8a1e63/5/1/5112268_Williams_PSXX.jpg"
},
{
  "_id": {
    "$oid": "66f3a2c5d23ade1eec55fa10"
  },
  "unique_id": "5107534",
  "product_name": "Stärnächäs Extra Würzig",
  "brand": "Fromani typisch",
  "regular_price": 3.99,
  "selling_price": 3.99,
  "price_per_unit": "pro 200g | 100g = 2.00 CHF",
  "breadcrumb": "Sortiment > Sortiment > Stärnächäs Extra Würzig",
  "pdp_url": "https://sortiment.lidl.ch/de/staernaechaes-extra-wuerzig-5107534",
  "product_description": "Artikelnr.: 5107534",
  "producthierarchy_level1": "Sortiment",
  "producthierarchy_level2": "Sortiment",
  "producthierarchy_level3": "Stärnächäs Extra Würzig",
  "producthierarchy_level4": "",
  "producthierarchy_level5": "",
  "producthierarchy_level6": "",
  "producthierarchy_level7": "",
  "currency": "Swiss franc",
  "file_name_1": "5107534_1.jpg",
  "image_url_1": "https://sortiment.lidl.ch/media/amasty/amoptmobile/catalog/product/cache/38c728e59b3a47950872534eff8a1e63/5/1/5107534_PSXX.jpg",
  "file_name_2": "5107534_2.jpg",
  "image_url_2": "https://sortiment.lidl.ch/media/catalog/product/cache/38c728e59b3a47950872534eff8a1e63/5/1/5107534_Staernaechaes_FKBF.jpg"
},
{
  "_id": {
    "$oid": "66f3a2c7d23ade1eec55fa11"
  },
  "unique_id": "5104165",
  "product_name": "Alpstein Bergkäse",
  "brand": "Fromani typisch",
  "regular_price": 3.49,
  "selling_price": 3.49,
  "price_per_unit": "pro 200g | 100g = 1.75 CHF",
  "breadcrumb": "Sortiment > Sortiment > Alpstein Bergkäse",
  "pdp_url": "https://sortiment.lidl.ch/de/alpstein-bergkaese-5104165",
  "product_description": "Artikelnr.: 5104165",
  "producthierarchy_level1": "Sortiment",
  "producthierarchy_level2": "Sortiment",
  "producthierarchy_level3": "Alpstein Bergkäse",
  "producthierarchy_level4": "",
  "producthierarchy_level5": "",
  "producthierarchy_level6": "",
  "producthierarchy_level7": "",
  "currency": "Swiss franc",
  "file_name_1": "5104165_1.jpg",
  "image_url_1": "https://sortiment.lidl.ch/media/catalog/product/cache/38c728e59b3a47950872534eff8a1e63/5/1/5104165_PSXX.jpg"
},
{
  "_id": {
    "$oid": "66f3a2c8d23ade1eec55fa12"
  },
  "unique_id": "5112261",
  "product_name": "Findus Schweizer Rahmspinat",
  "brand": "Findus",
  "regular_price": 5.95,
  "selling_price": 5.95,
  "price_per_unit": "pro 750g | 100g = 0.80 CHF",
  "breadcrumb": "Sortiment > Sortiment > Findus Schweizer Rahmspinat",
  "pdp_url": "https://sortiment.lidl.ch/de/findus-schweizer-rahmspinat-5112261",
  "product_description": "Artikelnr.: 5112261",
  "producthierarchy_level1": "Sortiment",
  "producthierarchy_level2": "Sortiment",
  "producthierarchy_level3": "Findus Schweizer Rahmspinat",
  "producthierarchy_level4": "",
  "producthierarchy_level5": "",
  "producthierarchy_level6": "",
  "producthierarchy_level7": "",
  "currency": "Swiss franc",
  "file_name_1": "5112261_1.jpg",
  "image_url_1": "https://sortiment.lidl.ch/media/amasty/amoptmobile/catalog/product/cache/38c728e59b3a47950872534eff8a1e63/5/1/5112261_PSXX.jpg"
},
{
  "_id": {
    "$oid": "66f3a2c9d23ade1eec55fa13"
  },
  "unique_id": "5111837",
  "product_name": "Terra Natura Baguette Rustique",
  "brand": "Terra Natura",
  "regular_price": 3.29,
  "selling_price": 2.79,
  "price_per_unit": "pro 410g | LP 100g = 0.69 CHF",
  "breadcrumb": "Sortiment > Sortiment > Terra Natura Baguette Rustique",
  "pdp_url": "https://sortiment.lidl.ch/de/terra-natura-baguette-rustique-5111837",
  "product_description": "Artikelnr.: 5111837 Baguette Rustique. Zutaten: 49% Weizenmehl *, Wasser, Speisesalz, Sonnenblumenkerne, Haferflocken , Leinsamen, Sesam , Backhefe, Weizenprotein , Malz ( Gerste , Weizen ), Mohn, Hirse, Säuerungsmittel: Weinsäure (L+), Milchsäure, Citronensäure, Acerolafruchtpulver (Trägerstoff: Maltodextrin), Mehlbehandlungsmittel: Ascorbinsäure. Kann Spuren von Ei, Erdnüssen, Soja, Milch, Schalenfrüchten (Nüssen), Sellerie, Senf und Sulfiten enthalten. Hergestellt in der Schweiz. *aus IPS Produktion.",
  "producthierarchy_level1": "Sortiment",
  "producthierarchy_level2": "Sortiment",
  "producthierarchy_level3": "Terra Natura Baguette Rustique",
  "producthierarchy_level4": "",
  "producthierarchy_level5": "",
  "producthierarchy_level6": "",
  "producthierarchy_level7": "",
  "currency": "Swiss franc",
  "file_name_1": "5111837_1.jpg",
  "image_url_1": "https://sortiment.lidl.ch/media/catalog/product/cache/38c728e59b3a47950872534eff8a1e63/5/1/5111837_FKBF.jpg"
},
{
  "_id": {
    "$oid": "66f3a2cad23ade1eec55fa14"
  },
  "unique_id": "207229",
  "product_name": "Flammkuchen- / Focacciateig",
  "brand": "Chef Select & You",
  "regular_price": 1.65,
  "selling_price": 1.65,
  "price_per_unit": "pro 300g, 385g | 100g = 0.55, 0.43 CHF",
  "breadcrumb": "Sortiment > Sortiment > Flammkuchen- / Focacciateig",
  "pdp_url": "https://sortiment.lidl.ch/de/flammkuchen-focacciateig-0207229",
  "product_description": "Artikelnr.: 207229",
  "producthierarchy_level1": "Sortiment",
  "producthierarchy_level2": "Sortiment",
  "producthierarchy_level3": "Flammkuchen- / Focacciateig",
  "producthierarchy_level4": "",
  "producthierarchy_level5": "",
  "producthierarchy_level6": "",
  "producthierarchy_level7": "",
  "currency": "Swiss franc",
  "file_name_1": "207229_1.jpg",
  "image_url_1": "https://sortiment.lidl.ch/media/catalog/product/cache/38c728e59b3a47950872534eff8a1e63/2/0/207229_Flammkuchen_PSXX.jpg",
  "file_name_2": "207229_2.jpg",
  "image_url_2": "https://sortiment.lidl.ch/media/catalog/product/cache/38c728e59b3a47950872534eff8a1e63/2/0/207229_Focacciateig_PSXX.jpg"
},
{
  "_id": {
    "$oid": "66f3a2ccd23ade1eec55fa15"
  },
  "unique_id": "5107533",
  "product_name": "Savogniner Bergkäse",
  "brand": "Fromani typisch",
  "regular_price": 3.99,
  "selling_price": 3.99,
  "price_per_unit": "pro 200g | 100g = 2.00 CHF",
  "breadcrumb": "Sortiment > Sortiment > Savogniner Bergkäse",
  "pdp_url": "https://sortiment.lidl.ch/de/savogniner-bergkaese-5107533",
  "product_description": "Artikelnr.: 5107533",
  "producthierarchy_level1": "Sortiment",
  "producthierarchy_level2": "Sortiment",
  "producthierarchy_level3": "Savogniner Bergkäse",
  "producthierarchy_level4": "",
  "producthierarchy_level5": "",
  "producthierarchy_level6": "",
  "producthierarchy_level7": "",
  "currency": "Swiss franc",
  "file_name_1": "5107533_1.jpg",
  "image_url_1": "https://sortiment.lidl.ch/media/catalog/product/cache/38c728e59b3a47950872534eff8a1e63/5/1/5107533_PSXX.jpg",
  "file_name_2": "5107533_2.jpg",
  "image_url_2": "https://sortiment.lidl.ch/media/catalog/product/cache/38c728e59b3a47950872534eff8a1e63/5/1/5107533_Savogniner_FKBF.jpg"
},
{
  "_id": {
    "$oid": "66f3a2cdd23ade1eec55fa16"
  },
  "unique_id": "5103166",
  "product_name": "Bio Alpstein Bergkäse",
  "brand": "Fromani",
  "regular_price": 3.99,
  "selling_price": 3.99,
  "price_per_unit": "pro 200g | 100g = 2.00 CHF",
  "breadcrumb": "Sortiment > Sortiment > Bio Alpstein Bergkäse",
  "pdp_url": "https://sortiment.lidl.ch/de/bio-alpstein-bergkaese-5103166",
  "product_description": "Artikelnr.: 5103166",
  "producthierarchy_level1": "Sortiment",
  "producthierarchy_level2": "Sortiment",
  "producthierarchy_level3": "Bio Alpstein Bergkäse",
  "producthierarchy_level4": "",
  "producthierarchy_level5": "",
  "producthierarchy_level6": "",
  "producthierarchy_level7": "",
  "currency": "Swiss franc",
  "file_name_1": "5103166_1.jpg",
  "image_url_1": "https://sortiment.lidl.ch/media/catalog/product/cache/38c728e59b3a47950872534eff8a1e63/5/1/5103166_Alpstein_FKBF.jpg",
  "file_name_2": "5103166_2.jpg",
  "image_url_2": "https://sortiment.lidl.ch/media/catalog/product/cache/38c728e59b3a47950872534eff8a1e63/5/1/5103166_Fromani_Bio_Alpstein_Bergkaese_PSXX.jpg"
},
{
  "_id": {
    "$oid": "66f3a2cfd23ade1eec55fa17"
  },
  "unique_id": "5102782",
  "product_name": "Toggenburger Bergkäse",
  "brand": "Fromani typisch",
  "regular_price": 3.99,
  "selling_price": 3.99,
  "price_per_unit": "pro 200g | 100g = 2.00 CHF",
  "breadcrumb": "Sortiment > Sortiment > Toggenburger Bergkäse",
  "pdp_url": "https://sortiment.lidl.ch/de/toggenburger-bergkaese-5102782",
  "product_description": "Artikelnr.: 5102782",
  "producthierarchy_level1": "Sortiment",
  "producthierarchy_level2": "Sortiment",
  "producthierarchy_level3": "Toggenburger Bergkäse",
  "producthierarchy_level4": "",
  "producthierarchy_level5": "",
  "producthierarchy_level6": "",
  "producthierarchy_level7": "",
  "currency": "Swiss franc",
  "file_name_1": "5102782_1.jpg",
  "image_url_1": "https://sortiment.lidl.ch/media/catalog/product/cache/38c728e59b3a47950872534eff8a1e63/5/1/5102782_PSXX.jpg"
},
{
  "_id": {
    "$oid": "66f3a2d0d23ade1eec55fa18"
  },
  "unique_id": "180399",
  "product_name": "Alu-Kaffekapseln Classico Espresso",
  "brand": "Bellarom",
  "regular_price": 3.95,
  "selling_price": 3.95,
  "price_per_unit": "pro 20 Stück | 100g = 19.75, 3.53 CHF",
  "breadcrumb": "Sortiment > Sortiment > Alu-Kaffekapseln Classico Espresso",
  "pdp_url": "https://sortiment.lidl.ch/de/alu-kaffekapseln-classico-espresso-0180399",
  "product_description": "Artikelnr.: 180399",
  "producthierarchy_level1": "Sortiment",
  "producthierarchy_level2": "Sortiment",
  "producthierarchy_level3": "Alu-Kaffekapseln Classico Espresso",
  "producthierarchy_level4": "",
  "producthierarchy_level5": "",
  "producthierarchy_level6": "",
  "producthierarchy_level7": "",
  "currency": "Swiss franc",
  "file_name_1": "180399_1.jpg",
  "image_url_1": "https://sortiment.lidl.ch/media/catalog/product/cache/38c728e59b3a47950872534eff8a1e63/1/8/180399_PSXX.jpg"
},
{
  "_id": {
    "$oid": "66f3a2d1d23ade1eec55fa19"
  },
  "unique_id": "1800240",
  "product_name": "Kukident Haftcreme",
  "brand": "Kukident",
  "regular_price": 4.95,
  "selling_price": 4.95,
  "price_per_unit": "pro 47g | 100g = 10.54 CHF",
  "breadcrumb": "Sortiment > Sortiment > Kukident Haftcreme",
  "pdp_url": "https://sortiment.lidl.ch/de/kukident-haftcreme-1800240",
  "product_description": "Artikelnr.: 1800240",
  "producthierarchy_level1": "Sortiment",
  "producthierarchy_level2": "Sortiment",
  "producthierarchy_level3": "Kukident Haftcreme",
  "producthierarchy_level4": "",
  "producthierarchy_level5": "",
  "producthierarchy_level6": "",
  "producthierarchy_level7": "",
  "currency": "Swiss franc",
  "file_name_1": "1800240_1.jpg",
  "image_url_1": "https://sortiment.lidl.ch/media/catalog/product/cache/38c728e59b3a47950872534eff8a1e63/1/8/1800240_extrastark_PSXX.jpg"
},
{
  "_id": {
    "$oid": "66f3a2d3d23ade1eec55fa1a"
  },
  "unique_id": "5112263",
  "product_name": "Camille Bloch Ragusa Tafeln",
  "brand": "Camille Bloch",
  "regular_price": 2.65,
  "selling_price": 2.65,
  "price_per_unit": "pro 100g",
  "breadcrumb": "Sortiment > Sortiment > Camille Bloch Ragusa Tafeln",
  "pdp_url": "https://sortiment.lidl.ch/de/camille-bloch-ragusa-tafeln-5112263",
  "product_description": "Artikelnr.: 5112263",
  "producthierarchy_level1": "Sortiment",
  "producthierarchy_level2": "Sortiment",
  "producthierarchy_level3": "Camille Bloch Ragusa Tafeln",
  "producthierarchy_level4": "",
  "producthierarchy_level5": "",
  "producthierarchy_level6": "",
  "producthierarchy_level7": "",
  "currency": "Swiss franc",
  "file_name_1": "5112263_1.jpg",
  "image_url_1": "https://sortiment.lidl.ch/media/catalog/product/cache/38c728e59b3a47950872534eff8a1e63/5/1/5112263_Classique_PSXX.jpg",
  "file_name_2": "5112263_2.jpg",
  "image_url_2": "https://sortiment.lidl.ch/media/catalog/product/cache/38c728e59b3a47950872534eff8a1e63/5/1/5112263_blond_PSXX.jpg",
  "file_name_3": "5112263_3.jpg",
  "image_url_3": "https://sortiment.lidl.ch/media/catalog/product/cache/38c728e59b3a47950872534eff8a1e63/5/1/5112263_noir_PSXX.jpg"
},
{
  "_id": {
    "$oid": "66f3a2d4d23ade1eec55fa1b"
  },
  "unique_id": "125835",
  "product_name": "Früchtetee",
  "brand": "Lord Nelson",
  "regular_price": 1.59,
  "selling_price": 1.59,
  "price_per_unit": "pro 25x3g | 100g = 2.12 CHF",
  "breadcrumb": "Sortiment > Sortiment > Früchtetee",
  "pdp_url": "https://sortiment.lidl.ch/de/fruechtetee-0125835",
  "product_description": "Artikelnr.: 125835",
  "producthierarchy_level1": "Sortiment",
  "producthierarchy_level2": "Sortiment",
  "producthierarchy_level3": "Früchtetee",
  "producthierarchy_level4": "",
  "producthierarchy_level5": "",
  "producthierarchy_level6": "",
  "producthierarchy_level7": "",
  "currency": "Swiss franc",
  "file_name_1": "125835_1.jpg",
  "image_url_1": "https://sortiment.lidl.ch/media/catalog/product/cache/38c728e59b3a47950872534eff8a1e63/1/2/125835_Apfel_PSXX.jpg",
  "file_name_2": "125835_2.jpg",
  "image_url_2": "https://sortiment.lidl.ch/media/catalog/product/cache/38c728e59b3a47950872534eff8a1e63/1/2/125835_Erdbeere_Himbeere_PSXX.jpg"
},
{
  "_id": {
    "$oid": "66f3a2d5d23ade1eec55fa1c"
  },
  "unique_id": "5112078",
  "product_name": "Rindersalami",
  "brand": "Maestade",
  "regular_price": 6.99,
  "selling_price": 6.99,
  "price_per_unit": "pro 180g | 100g = 3.89 CHF",
  "breadcrumb": "Sortiment > Sortiment > Rindersalami",
  "pdp_url": "https://sortiment.lidl.ch/de/rindersalami-5112078",
  "product_description": "Artikelnr.: 5112078",
  "producthierarchy_level1": "Sortiment",
  "producthierarchy_level2": "Sortiment",
  "producthierarchy_level3": "Rindersalami",
  "producthierarchy_level4": "",
  "producthierarchy_level5": "",
  "producthierarchy_level6": "",
  "producthierarchy_level7": "",
  "currency": "Swiss franc",
  "file_name_1": "5112078_1.jpg",
  "image_url_1": "https://sortiment.lidl.ch/media/catalog/product/cache/38c728e59b3a47950872534eff8a1e63/5/1/5112078_PSXX.jpg"
},
{
  "_id": {
    "$oid": "66f3a2d7d23ade1eec55fa1d"
  },
  "unique_id": "5112093",
  "product_name": "Sulz mit Schinken & Russischem Salat",
  "brand": "",
  "regular_price": 2.99,
  "selling_price": 2.99,
  "price_per_unit": "pro 120g | 100g = 2.50 CHF",
  "breadcrumb": "Sortiment > Sortiment > Sulz mit Schinken & Russischem Salat",
  "pdp_url": "https://sortiment.lidl.ch/de/sulz-mit-schinken-russischem-salat-5112093",
  "product_description": "Artikelnr.: 5112093",
  "producthierarchy_level1": "Sortiment",
  "producthierarchy_level2": "Sortiment",
  "producthierarchy_level3": "Sulz mit Schinken & Russischem Salat",
  "producthierarchy_level4": "",
  "producthierarchy_level5": "",
  "producthierarchy_level6": "",
  "producthierarchy_level7": "",
  "currency": "Swiss franc",
  "file_name_1": "5112093_1.jpg",
  "image_url_1": "https://sortiment.lidl.ch/media/catalog/product/cache/38c728e59b3a47950872534eff8a1e63/5/1/5112093_PSXX.jpg"
},
{
  "_id": {
    "$oid": "66f3a2d8d23ade1eec55fa1e"
  },
  "unique_id": "5111785",
  "product_name": "Schmand",
  "brand": "Milbona",
  "regular_price": 2.39,
  "selling_price": 2.39,
  "price_per_unit": "pro 200g | 100g = 1.20 CHF",
  "breadcrumb": "Sortiment > Sortiment > Schmand",
  "pdp_url": "https://sortiment.lidl.ch/de/schmand-5111785",
  "product_description": "Artikelnr.: 5111785",
  "producthierarchy_level1": "Sortiment",
  "producthierarchy_level2": "Sortiment",
  "producthierarchy_level3": "Schmand",
  "producthierarchy_level4": "",
  "producthierarchy_level5": "",
  "producthierarchy_level6": "",
  "producthierarchy_level7": "",
  "currency": "Swiss franc",
  "file_name_1": "5111785_1.jpg",
  "image_url_1": "https://sortiment.lidl.ch/media/catalog/product/cache/38c728e59b3a47950872534eff8a1e63/5/1/5111785_PSXX.jpg"
},
{
  "_id": {
    "$oid": "66f3a2d9d23ade1eec55fa1f"
  },
  "unique_id": "5111786",
  "product_name": "Frittieröl",
  "brand": "Vita D'or",
  "regular_price": 4.79,
  "selling_price": 4.79,
  "price_per_unit": "pro 1l",
  "breadcrumb": "Sortiment > Sortiment > Frittieröl",
  "pdp_url": "https://sortiment.lidl.ch/de/frittieroel-5111786",
  "product_description": "Artikelnr.: 5111786",
  "producthierarchy_level1": "Sortiment",
  "producthierarchy_level2": "Sortiment",
  "producthierarchy_level3": "Frittieröl",
  "producthierarchy_level4": "",
  "producthierarchy_level5": "",
  "producthierarchy_level6": "",
  "producthierarchy_level7": "",
  "currency": "Swiss franc",
  "file_name_1": "5111786_1.jpg",
  "image_url_1": "https://sortiment.lidl.ch/media/catalog/product/cache/38c728e59b3a47950872534eff8a1e63/5/1/5111786_PSXX.jpg"
},
{
  "_id": {
    "$oid": "66f3a2dbd23ade1eec55fa20"
  },
  "unique_id": "177840",
  "product_name": "Alu-Kaffekapseln Gold Lungo",
  "brand": "Bellarom",
  "regular_price": 3.95,
  "selling_price": 3.95,
  "price_per_unit": "pro 20 Stück | 100g = 19.75, 3.41 CHF",
  "breadcrumb": "Sortiment > Sortiment > Alu-Kaffekapseln Gold Lungo",
  "pdp_url": "https://sortiment.lidl.ch/de/alu-kaffekapseln-gold-lungo-0177840",
  "product_description": "Artikelnr.: 177840",
  "producthierarchy_level1": "Sortiment",
  "producthierarchy_level2": "Sortiment",
  "producthierarchy_level3": "Alu-Kaffekapseln Gold Lungo",
  "producthierarchy_level4": "",
  "producthierarchy_level5": "",
  "producthierarchy_level6": "",
  "producthierarchy_level7": "",
  "currency": "Swiss franc",
  "file_name_1": "177840_1.jpg",
  "image_url_1": "https://sortiment.lidl.ch/media/catalog/product/cache/38c728e59b3a47950872534eff8a1e63/1/7/177840_PSXX.jpg"
},
{
  "_id": {
    "$oid": "66f3a2dcd23ade1eec55fa21"
  },
  "unique_id": "166013",
  "product_name": "ASC Lachsfilet mit Haut",
  "brand": "Fischerstolz",
  "regular_price": 9.95,
  "selling_price": 9.95,
  "price_per_unit": "pro 300g | 100g = 3.32 CHF",
  "breadcrumb": "Sortiment > Sortiment > ASC Lachsfilet mit Haut",
  "pdp_url": "https://sortiment.lidl.ch/de/asc-lachsfilet-mit-haut-0166013",
  "product_description": "Artikelnr.: 166013",
  "producthierarchy_level1": "Sortiment",
  "producthierarchy_level2": "Sortiment",
  "producthierarchy_level3": "ASC Lachsfilet mit Haut",
  "producthierarchy_level4": "",
  "producthierarchy_level5": "",
  "producthierarchy_level6": "",
  "producthierarchy_level7": "",
  "currency": "Swiss franc",
  "file_name_1": "166013_1.jpg",
  "image_url_1": "https://sortiment.lidl.ch/media/catalog/product/cache/38c728e59b3a47950872534eff8a1e63/1/6/166013_FKBF.jpg",
  "file_name_2": "166013_2.jpg",
  "image_url_2": "https://sortiment.lidl.ch/media/catalog/product/cache/38c728e59b3a47950872534eff8a1e63/1/6/166013_FischersChoice_ASC_LachsfiletMitHaut_PSXX.jpg"
},
{
  "_id": {
    "$oid": "66f3a2ddd23ade1eec55fa22"
  },
  "unique_id": "5109115",
  "product_name": "Terra Natura Kalbsplätzli",
  "brand": "Bonvalle",
  "regular_price": 14.99,
  "selling_price": 14.99,
  "price_per_unit": "pro 200g | 100g = 7.50 CHF",
  "breadcrumb": "Sortiment > Sortiment > Terra Natura Kalbsplätzli",
  "pdp_url": "https://sortiment.lidl.ch/de/terra-natura-kalbsplaetzli-5109115",
  "product_description": "Artikelnr.: 5109115",
  "producthierarchy_level1": "Sortiment",
  "producthierarchy_level2": "Sortiment",
  "producthierarchy_level3": "Terra Natura Kalbsplätzli",
  "producthierarchy_level4": "",
  "producthierarchy_level5": "",
  "producthierarchy_level6": "",
  "producthierarchy_level7": "",
  "currency": "Swiss franc",
  "file_name_1": "5109115_1.jpg",
  "image_url_1": "https://sortiment.lidl.ch/media/catalog/product/cache/38c728e59b3a47950872534eff8a1e63/5/1/5109115_FKBF.jpg",
  "file_name_2": "5109115_2.jpg",
  "image_url_2": "https://sortiment.lidl.ch/media/catalog/product/cache/38c728e59b3a47950872534eff8a1e63/5/1/5109115_PSXX.jpg"
},
{
  "_id": {
    "$oid": "66f3a2ded23ade1eec55fa23"
  },
  "unique_id": "5111838",
  "product_name": "Terra Natura Krustenbaguette",
  "brand": "Terra Natura",
  "regular_price": 3.29,
  "selling_price": 3.29,
  "price_per_unit": "pro 400g | 100g = 0.83 CHF",
  "breadcrumb": "Sortiment > Sortiment > Terra Natura Krustenbaguette",
  "pdp_url": "https://sortiment.lidl.ch/de/terra-natura-krustenbaguette-5111838",
  "product_description": "Artikelnr.: 5111838 Hinweis: Bitte gleiche die Artikelnummer auf dem Preisschild mit bei der Zutatenliste stehenden Artikelnummer ab. Je nach Region sind unterschiedliche Lieferanten möglich. Artikelnummer: 5111838 - Krustenbaguette. Zutaten: 54% Weizenmehl *, Wasser, Speisesalz, Backhefe, Weizenprotein , Malz ( Gerste , Weizen ), Säuerungsmittel: Weinsäure (L+), Milchsäure, Citronensäure, Natriumacetate, Acerolafruchtpulver (auf Maltodextrin), Mehlbehandlungsmittel: Ascorbinsäure. Kann Spuren von Ei, Erdnüssen, Soja, Milch, Schalenfrüchten (Nüssen), Sellerie, Senf, Sesam und Sulfiten enthalten. Hergestellt in der Schweiz. *aus IPS Produktion. Artikelnummer: 153446 - Krustenbaguette. Zutaten: Weizenmehl , Wasser, Weizenkleber , Speisesalz, Hefe, Gerstenmalzmehl , geröstetes Gerstenmalzmehl , Sauerteig (enthält Roggen ), Mehlbehandlungsmittel: Ascorbinsäure. Kann Spuren von Eiern, Erdnüssen, Soja, Milch, Schalenfrüchte (Nüsse), Sellerie, Senf, Sesam und Sulfiten enthalten. Hergestellt in der Schweiz.",
  "producthierarchy_level1": "Sortiment",
  "producthierarchy_level2": "Sortiment",
  "producthierarchy_level3": "Terra Natura Krustenbaguette",
  "producthierarchy_level4": "",
  "producthierarchy_level5": "",
  "producthierarchy_level6": "",
  "producthierarchy_level7": "",
  "currency": "Swiss franc",
  "file_name_1": "5111838_1.jpg",
  "image_url_1": "https://sortiment.lidl.ch/media/catalog/product/cache/38c728e59b3a47950872534eff8a1e63/5/1/5111838_FKBF.jpg"
},
{
  "_id": {
    "$oid": "66f3a2e0d23ade1eec55fa24"
  },
  "unique_id": "7700523",
  "product_name": "Spaghetti mit Sauce",
  "brand": "Combino",
  "regular_price": 1.99,
  "selling_price": 1.99,
  "price_per_unit": "pro 315g, 397g | 100g = 0.64, 0.51 CHF",
  "breadcrumb": "Sortiment > Sortiment > Spaghetti mit Sauce",
  "pdp_url": "https://sortiment.lidl.ch/de/spaghetti-mit-sauce-7700523",
  "product_description": "Artikelnr.: 7700523",
  "producthierarchy_level1": "Sortiment",
  "producthierarchy_level2": "Sortiment",
  "producthierarchy_level3": "Spaghetti mit Sauce",
  "producthierarchy_level4": "",
  "producthierarchy_level5": "",
  "producthierarchy_level6": "",
  "producthierarchy_level7": "",
  "currency": "Swiss franc",
  "file_name_1": "7700523_1.jpg",
  "image_url_1": "https://sortiment.lidl.ch/media/catalog/product/cache/38c728e59b3a47950872534eff8a1e63/7/7/7700523_Kaese_PSXX.jpg",
  "file_name_2": "7700523_2.jpg",
  "image_url_2": "https://sortiment.lidl.ch/media/catalog/product/cache/38c728e59b3a47950872534eff8a1e63/7/7/7700523_TomatenSauce_PSXX.jpg"
},
{
  "_id": {
    "$oid": "66f3a2e1d23ade1eec55fa25"
  },
  "unique_id": "5112226",
  "product_name": "Bio Falafel/Gemüse Burger",
  "brand": "Vemondo",
  "regular_price": 3.79,
  "selling_price": 3.79,
  "price_per_unit": "pro 2x100g | 100g = 1.90 CHF",
  "breadcrumb": "Sortiment > Sortiment > Bio Falafel/Gemüse Burger",
  "pdp_url": "https://sortiment.lidl.ch/de/bio-falafel-gemuese-burger-5112226",
  "product_description": "Artikelnr.: 5112226",
  "producthierarchy_level1": "Sortiment",
  "producthierarchy_level2": "Sortiment",
  "producthierarchy_level3": "Bio Falafel/Gemüse Burger",
  "producthierarchy_level4": "",
  "producthierarchy_level5": "",
  "producthierarchy_level6": "",
  "producthierarchy_level7": "",
  "currency": "Swiss franc",
  "file_name_1": "5112226_1.jpg",
  "image_url_1": "https://sortiment.lidl.ch/media/catalog/product/cache/38c728e59b3a47950872534eff8a1e63/5/1/5112226_GemueseFalafel_PSXX.jpg",
  "file_name_2": "5112226_2.jpg",
  "image_url_2": "https://sortiment.lidl.ch/media/catalog/product/cache/38c728e59b3a47950872534eff8a1e63/5/1/5112226_Gemueseburger_PSXX.jpg"
},
{
  "_id": {
    "$oid": "66f3a2e2d23ade1eec55fa26"
  },
  "unique_id": "5112225",
  "product_name": "Bio Falafel/Gemüse Kugeln",
  "brand": "Vemondo",
  "regular_price": 2.99,
  "selling_price": 2.99,
  "price_per_unit": "pro 200g | 100g = 1.50 CHF",
  "breadcrumb": "Sortiment > Sortiment > Bio Falafel/Gemüse Kugeln",
  "pdp_url": "https://sortiment.lidl.ch/de/bio-falafel-gemuese-kugeln-5112225",
  "product_description": "Artikelnr.: 5112225",
  "producthierarchy_level1": "Sortiment",
  "producthierarchy_level2": "Sortiment",
  "producthierarchy_level3": "Bio Falafel/Gemüse Kugeln",
  "producthierarchy_level4": "",
  "producthierarchy_level5": "",
  "producthierarchy_level6": "",
  "producthierarchy_level7": "",
  "currency": "Swiss franc",
  "file_name_1": "5112225_1.jpg",
  "image_url_1": "https://sortiment.lidl.ch/media/catalog/product/cache/38c728e59b3a47950872534eff8a1e63/5/1/5112225_GemueseFalafel_PSXX.jpg",
  "file_name_2": "5112225_2.jpg",
  "image_url_2": "https://sortiment.lidl.ch/media/catalog/product/cache/38c728e59b3a47950872534eff8a1e63/5/1/5112225_Original_PSXX.jpg"
},
{
  "_id": {
    "$oid": "66f3a2e3d23ade1eec55fa27"
  },
  "unique_id": "5109965",
  "product_name": "BIO Weiderind Stotzen- Medaillon",
  "brand": "Bonvalle",
  "regular_price": 4.99,
  "selling_price": 4.99,
  "price_per_unit": "pro 100g, ca. 180-220g",
  "breadcrumb": "Sortiment > Sortiment > BIO Weiderind Stotzen- Medaillon",
  "pdp_url": "https://sortiment.lidl.ch/de/bio-weiderind-stotzen-medaillon-5109965",
  "product_description": "Artikelnr.: 5109965",
  "producthierarchy_level1": "Sortiment",
  "producthierarchy_level2": "Sortiment",
  "producthierarchy_level3": "BIO Weiderind Stotzen- Medaillon",
  "producthierarchy_level4": "",
  "producthierarchy_level5": "",
  "producthierarchy_level6": "",
  "producthierarchy_level7": "",
  "currency": "Swiss franc",
  "file_name_1": "5109965_1.jpg",
  "image_url_1": "https://sortiment.lidl.ch/media/catalog/product/cache/38c728e59b3a47950872534eff8a1e63/5/1/5109965_PSXX.jpg",
  "file_name_2": "5109965_2.jpg",
  "image_url_2": "https://sortiment.lidl.ch/media/catalog/product/cache/38c728e59b3a47950872534eff8a1e63/5/1/5109965_StotzenMedaillon_FKBF.jpg"
},
{
  "_id": {
    "$oid": "66f3a2e5d23ade1eec55fa28"
  },
  "unique_id": "5105986",
  "product_name": "Bio Weiderind Geschnetzeltes",
  "brand": "Bonvalle",
  "regular_price": 8.99,
  "selling_price": 8.99,
  "price_per_unit": "pro 300g | 100g = 3.00 CHF",
  "breadcrumb": "Sortiment > Sortiment > Bio Weiderind Geschnetzeltes",
  "pdp_url": "https://sortiment.lidl.ch/de/bio-weiderind-geschnetzeltes-5105986",
  "product_description": "Artikelnr.: 5105986",
  "producthierarchy_level1": "Sortiment",
  "producthierarchy_level2": "Sortiment",
  "producthierarchy_level3": "Bio Weiderind Geschnetzeltes",
  "producthierarchy_level4": "",
  "producthierarchy_level5": "",
  "producthierarchy_level6": "",
  "producthierarchy_level7": "",
  "currency": "Swiss franc",
  "file_name_1": "5105986_1.jpg",
  "image_url_1": "https://sortiment.lidl.ch/media/catalog/product/cache/38c728e59b3a47950872534eff8a1e63/5/1/5105986_Geschnetzeltes_PSXX.jpg"
},
{
  "_id": {
    "$oid": "66f3a2e6d23ade1eec55fa29"
  },
  "unique_id": "5105985",
  "product_name": "Bio Weiderind Voressen",
  "brand": "Bonvalle",
  "regular_price": 8.99,
  "selling_price": 8.99,
  "price_per_unit": "pro 350g | 100g = 2.57 CHF",
  "breadcrumb": "Sortiment > Sortiment > Bio Weiderind Voressen",
  "pdp_url": "https://sortiment.lidl.ch/de/bio-weiderind-voressen-5105985",
  "product_description": "Artikelnr.: 5105985",
  "producthierarchy_level1": "Sortiment",
  "producthierarchy_level2": "Sortiment",
  "producthierarchy_level3": "Bio Weiderind Voressen",
  "producthierarchy_level4": "",
  "producthierarchy_level5": "",
  "producthierarchy_level6": "",
  "producthierarchy_level7": "",
  "currency": "Swiss franc",
  "file_name_1": "5105985_1.jpg",
  "image_url_1": "https://sortiment.lidl.ch/media/amasty/amoptmobile/catalog/product/cache/38c728e59b3a47950872534eff8a1e63/5/1/5105985_Voressen_FKBF.jpg",
  "file_name_2": "5105985_2.jpg",
  "image_url_2": "https://sortiment.lidl.ch/media/catalog/product/cache/38c728e59b3a47950872534eff8a1e63/5/1/5105985_Voressen_PSXX.jpg"
},
{
  "_id": {
    "$oid": "66f3a2e7d23ade1eec55fa2a"
  },
  "unique_id": "6604687",
  "product_name": "Asiacracker",
  "brand": "Alesto",
  "regular_price": 2.99,
  "selling_price": 2.99,
  "price_per_unit": "pro 150g, 200g | 100g = 2.00, 1.50 CHF",
  "breadcrumb": "Sortiment > Sortiment > Asiacracker",
  "pdp_url": "https://sortiment.lidl.ch/de/asiacracker-6604687",
  "product_description": "Artikelnr.: 6604687",
  "producthierarchy_level1": "Sortiment",
  "producthierarchy_level2": "Sortiment",
  "producthierarchy_level3": "Asiacracker",
  "producthierarchy_level4": "",
  "producthierarchy_level5": "",
  "producthierarchy_level6": "",
  "producthierarchy_level7": "",
  "currency": "Swiss franc",
  "file_name_1": "6604687_1.jpg",
  "image_url_1": "https://sortiment.lidl.ch/media/catalog/product/cache/38c728e59b3a47950872534eff8a1e63/6/6/6604687_Asia_PSXX.jpg",
  "file_name_2": "6604687_2.jpg",
  "image_url_2": "https://sortiment.lidl.ch/media/catalog/product/cache/38c728e59b3a47950872534eff8a1e63/6/6/6604687_Geisha_PSXX.jpg",
  "file_name_3": "6604687_3.jpg",
  "image_url_3": "https://sortiment.lidl.ch/media/catalog/product/cache/38c728e59b3a47950872534eff8a1e63/6/6/6604687_Oriental_PSXX.jpg"
},
{
  "_id": {
    "$oid": "66f3a2e8d23ade1eec55fa2b"
  },
  "unique_id": "78149",
  "product_name": "Crunchy Müesli Schoko-Hafer",
  "brand": "Crownfield",
  "regular_price": 2.39,
  "selling_price": 2.39,
  "price_per_unit": "pro 600g | 100g = 0.40 CHF",
  "breadcrumb": "Sortiment > Sortiment > Crunchy Müesli Schoko-Hafer",
  "pdp_url": "https://sortiment.lidl.ch/de/crunchy-mueesli-schoko-hafer-0078149",
  "product_description": "Artikelnr.: 78149",
  "producthierarchy_level1": "Sortiment",
  "producthierarchy_level2": "Sortiment",
  "producthierarchy_level3": "Crunchy Müesli Schoko-Hafer",
  "producthierarchy_level4": "",
  "producthierarchy_level5": "",
  "producthierarchy_level6": "",
  "producthierarchy_level7": "",
  "currency": "Swiss franc",
  "file_name_1": "78149_1.jpg",
  "image_url_1": "https://sortiment.lidl.ch/media/catalog/product/cache/38c728e59b3a47950872534eff8a1e63/7/8/78149_PSXX.jpg"
},
{
  "_id": {
    "$oid": "66f3a2e9d23ade1eec55fa2c"
  },
  "unique_id": "5112204",
  "product_name": "Pizza Mozzarella",
  "brand": "Milbona",
  "regular_price": 2.29,
  "selling_price": 2.29,
  "price_per_unit": "pro 400g | 100g = 0.58 CHF",
  "breadcrumb": "Sortiment > Sortiment > Pizza Mozzarella",
  "pdp_url": "https://sortiment.lidl.ch/de/pizza-mozzarella-5112204",
  "product_description": "Artikelnr.: 5112204",
  "producthierarchy_level1": "Sortiment",
  "producthierarchy_level2": "Sortiment",
  "producthierarchy_level3": "Pizza Mozzarella",
  "producthierarchy_level4": "",
  "producthierarchy_level5": "",
  "producthierarchy_level6": "",
  "producthierarchy_level7": "",
  "currency": "Swiss franc",
  "file_name_1": "5112204_1.jpg",
  "image_url_1": "https://sortiment.lidl.ch/media/amasty/amoptmobile/catalog/product/cache/38c728e59b3a47950872534eff8a1e63/5/1/5112204_PSXX.jpg"
},
{
  "_id": {
    "$oid": "66f3a2ead23ade1eec55fa2d"
  },
  "unique_id": "5111871",
  "product_name": "MSC Sockeye Wildlachsfilet",
  "brand": "Deluxe",
  "regular_price": 4.99,
  "selling_price": 4.99,
  "price_per_unit": "pro 100g, ca. 160-200g",
  "breadcrumb": "Sortiment > Sortiment > MSC Sockeye Wildlachsfilet",
  "pdp_url": "https://sortiment.lidl.ch/de/msc-sockeye-wildlachsfilet-5111871",
  "product_description": "Artikelnr.: 5111871",
  "producthierarchy_level1": "Sortiment",
  "producthierarchy_level2": "Sortiment",
  "producthierarchy_level3": "MSC Sockeye Wildlachsfilet",
  "producthierarchy_level4": "",
  "producthierarchy_level5": "",
  "producthierarchy_level6": "",
  "producthierarchy_level7": "",
  "currency": "Swiss franc",
  "file_name_1": "5111871_1.jpg",
  "image_url_1": "https://sortiment.lidl.ch/media/catalog/product/cache/38c728e59b3a47950872534eff8a1e63/5/1/5111871_FKBF.jpg"
},
{
  "_id": {
    "$oid": "66f3a2ecd23ade1eec55fa2e"
  },
  "unique_id": "5107934",
  "product_name": "Bio Weiderind Hackfleisch",
  "brand": "Bonvalle",
  "regular_price": 6.99,
  "selling_price": 6.99,
  "price_per_unit": "pro 350g | 100g = 2.00 CHF",
  "breadcrumb": "Sortiment > Sortiment > Bio Weiderind Hackfleisch",
  "pdp_url": "https://sortiment.lidl.ch/de/bio-weiderind-hackfleisch-5107934",
  "product_description": "Artikelnr.: 5107934",
  "producthierarchy_level1": "Sortiment",
  "producthierarchy_level2": "Sortiment",
  "producthierarchy_level3": "Bio Weiderind Hackfleisch",
  "producthierarchy_level4": "",
  "producthierarchy_level5": "",
  "producthierarchy_level6": "",
  "producthierarchy_level7": "",
  "currency": "Swiss franc",
  "file_name_1": "5107934_1.jpg",
  "image_url_1": "https://sortiment.lidl.ch/media/amasty/amoptmobile/catalog/product/cache/38c728e59b3a47950872534eff8a1e63/5/1/5107934_FKBF.jpg",
  "file_name_2": "5107934_2.jpg",
  "image_url_2": "https://sortiment.lidl.ch/media/catalog/product/cache/38c728e59b3a47950872534eff8a1e63/5/1/5107934_PSXX.jpg"
},
{
  "_id": {
    "$oid": "66f3a2edd23ade1eec55fa2f"
  },
  "unique_id": "171177",
  "product_name": "WC Reiniger",
  "brand": "W5",
  "regular_price": 1.19,
  "selling_price": 1.19,
  "price_per_unit": "pro 1000ml",
  "breadcrumb": "Sortiment > Sortiment > WC Reiniger",
  "pdp_url": "https://sortiment.lidl.ch/de/wc-reiniger-0171177",
  "product_description": "Artikelnr.: 171177",
  "producthierarchy_level1": "Sortiment",
  "producthierarchy_level2": "Sortiment",
  "producthierarchy_level3": "WC Reiniger",
  "producthierarchy_level4": "",
  "producthierarchy_level5": "",
  "producthierarchy_level6": "",
  "producthierarchy_level7": "",
  "currency": "Swiss franc",
  "file_name_1": "171177_1.jpg",
  "image_url_1": "https://sortiment.lidl.ch/media/amasty/amoptmobile/catalog/product/cache/38c728e59b3a47950872534eff8a1e63/1/7/171177_Lemon_PSXX.jpg",
  "file_name_2": "171177_2.jpg",
  "image_url_2": "https://sortiment.lidl.ch/media/catalog/product/cache/38c728e59b3a47950872534eff8a1e63/1/7/171177_MaxxPower_PSXX.jpg",
  "file_name_3": "171177_3.jpg",
  "image_url_3": "https://sortiment.lidl.ch/media/catalog/product/cache/38c728e59b3a47950872534eff8a1e63/1/7/171177_OceanFresh_PSXX.jpg"
},
{
  "_id": {
    "$oid": "66f3a2eed23ade1eec55fa30"
  },
  "unique_id": "5112259",
  "product_name": "Suavel Protec Hygienemaske Typ II",
  "brand": "Suavel Protec",
  "regular_price": 4.99,
  "selling_price": 4.99,
  "price_per_unit": "pro 50 Stück | 1 Stk = 0.10 CHF",
  "breadcrumb": "Sortiment > Sortiment > Suavel Protec Hygienemaske Typ II",
  "pdp_url": "https://sortiment.lidl.ch/de/suavel-protec-hygienemaske-typ-ii-5112259",
  "product_description": "Artikelnr.: 5112259",
  "producthierarchy_level1": "Sortiment",
  "producthierarchy_level2": "Sortiment",
  "producthierarchy_level3": "Suavel Protec Hygienemaske Typ II",
  "producthierarchy_level4": "",
  "producthierarchy_level5": "",
  "producthierarchy_level6": "",
  "producthierarchy_level7": "",
  "currency": "Swiss franc",
  "file_name_1": "5112259_1.jpg",
  "image_url_1": "https://sortiment.lidl.ch/media/catalog/product/cache/38c728e59b3a47950872534eff8a1e63/5/1/5112259_PSXX.jpg"
},
{
  "_id": {
    "$oid": "66f3a2efd23ade1eec55fa31"
  },
  "unique_id": "5111904",
  "product_name": "Zuckermühle Rupperswil Rohzucker aus Zuckerrrohr",
  "brand": "Zuckermühle Rupperswil",
  "regular_price": 2.29,
  "selling_price": 2.29,
  "price_per_unit": "pro 1000g",
  "breadcrumb": "Sortiment > Sortiment > Zuckermühle Rupperswil Rohzucker aus Zuckerrrohr",
  "pdp_url": "https://sortiment.lidl.ch/de/zuckermuehle-rupperswil-rohzucker-aus-zuckerrrohr-5111904",
  "product_description": "Artikelnr.: 5111904",
  "producthierarchy_level1": "Sortiment",
  "producthierarchy_level2": "Sortiment",
  "producthierarchy_level3": "Zuckermühle Rupperswil Rohzucker aus Zuckerrrohr",
  "producthierarchy_level4": "",
  "producthierarchy_level5": "",
  "producthierarchy_level6": "",
  "producthierarchy_level7": "",
  "currency": "Swiss franc",
  "file_name_1": "5111904_1.jpg",
  "image_url_1": "https://sortiment.lidl.ch/media/catalog/product/cache/38c728e59b3a47950872534eff8a1e63/5/1/5111904_PSXX.jpg"
},
{
  "_id": {
    "$oid": "66f3a2f1d23ade1eec55fa32"
  },
  "unique_id": "198601",
  "product_name": "Knabbersnacks",
  "brand": "Coshida",
  "regular_price": 1.99,
  "selling_price": 1.99,
  "price_per_unit": "pro 150g | 100g = 1.33 CHF",
  "breadcrumb": "Sortiment > Sortiment > Knabbersnacks",
  "pdp_url": "https://sortiment.lidl.ch/de/knabbersnacks-0198601",
  "product_description": "Artikelnr.: 198601",
  "producthierarchy_level1": "Sortiment",
  "producthierarchy_level2": "Sortiment",
  "producthierarchy_level3": "Knabbersnacks",
  "producthierarchy_level4": "",
  "producthierarchy_level5": "",
  "producthierarchy_level6": "",
  "producthierarchy_level7": "",
  "currency": "Swiss franc",
  "file_name_1": "198601_1.jpg",
  "image_url_1": "https://sortiment.lidl.ch/media/catalog/product/cache/38c728e59b3a47950872534eff8a1e63/1/9/198601_Chicken_PSXX.jpg",
  "file_name_2": "198601_2.jpg",
  "image_url_2": "https://sortiment.lidl.ch/media/catalog/product/cache/38c728e59b3a47950872534eff8a1e63/1/9/198601_Lachs_PSXX.jpg"
},
{
  "_id": {
    "$oid": "66f3a2f2d23ade1eec55fa33"
  },
  "unique_id": "8763",
  "product_name": "SanBitter",
  "brand": "SanBitter",
  "regular_price": 4.95,
  "selling_price": 4.95,
  "price_per_unit": "pro 6x0,1l | 1L = 8.25 CHF",
  "breadcrumb": "Sortiment > Sortiment > SanBitter",
  "pdp_url": "https://sortiment.lidl.ch/de/sanbitter-0008763",
  "product_description": "Artikelnr.: 8763",
  "producthierarchy_level1": "Sortiment",
  "producthierarchy_level2": "Sortiment",
  "producthierarchy_level3": "SanBitter",
  "producthierarchy_level4": "",
  "producthierarchy_level5": "",
  "producthierarchy_level6": "",
  "producthierarchy_level7": "",
  "currency": "Swiss franc",
  "file_name_1": "8763_1.jpg",
  "image_url_1": "https://sortiment.lidl.ch/media/catalog/product/cache/38c728e59b3a47950872534eff8a1e63/8/7/8763_PSXX.jpg"
},
{
  "_id": {
    "$oid": "66f3a2f3d23ade1eec55fa34"
  },
  "unique_id": "5111984",
  "product_name": "Geflügel Wienerli",
  "brand": "Maestade",
  "regular_price": 2.89,
  "selling_price": 2.89,
  "price_per_unit": "pro 6x50g | 100g = 0.97 CHF",
  "breadcrumb": "Sortiment > Sortiment > Geflügel Wienerli",
  "pdp_url": "https://sortiment.lidl.ch/de/gefluegel-wienerli-5111984",
  "product_description": "Artikelnr.: 5111984",
  "producthierarchy_level1": "Sortiment",
  "producthierarchy_level2": "Sortiment",
  "producthierarchy_level3": "Geflügel Wienerli",
  "producthierarchy_level4": "",
  "producthierarchy_level5": "",
  "producthierarchy_level6": "",
  "producthierarchy_level7": "",
  "currency": "Swiss franc",
  "file_name_1": "5111984_1.jpg",
  "image_url_1": "https://sortiment.lidl.ch/media/catalog/product/cache/38c728e59b3a47950872534eff8a1e63/5/1/5111984_FKBF.jpg",
  "file_name_2": "5111984_2.jpg",
  "image_url_2": "https://sortiment.lidl.ch/media/catalog/product/cache/38c728e59b3a47950872534eff8a1e63/5/1/5111984_PSXX.jpg"
},
{
  "_id": {
    "$oid": "66f3a2f4d23ade1eec55fa35"
  },
  "unique_id": "5111768",
  "product_name": "Fruchtquark",
  "brand": "Milbona",
  "regular_price": 1.25,
  "selling_price": 1.25,
  "price_per_unit": "pro 2x125g | 100g = 0.50 CHF",
  "breadcrumb": "Sortiment > Sortiment > Fruchtquark",
  "pdp_url": "https://sortiment.lidl.ch/de/fruchtquark-5111768",
  "product_description": "Artikelnr.: 5111768",
  "producthierarchy_level1": "Sortiment",
  "producthierarchy_level2": "Sortiment",
  "producthierarchy_level3": "Fruchtquark",
  "producthierarchy_level4": "",
  "producthierarchy_level5": "",
  "producthierarchy_level6": "",
  "producthierarchy_level7": "",
  "currency": "Swiss franc",
  "file_name_1": "5111768_1.jpg",
  "image_url_1": "https://sortiment.lidl.ch/media/catalog/product/cache/38c728e59b3a47950872534eff8a1e63/5/1/5111768_Aprikose45Grad_PSXX.jpg",
  "file_name_2": "5111768_2.jpg",
  "image_url_2": "https://sortiment.lidl.ch/media/catalog/product/cache/38c728e59b3a47950872534eff8a1e63/5/1/5111768_AprikoseTop_PSXX.jpg",
  "file_name_3": "5111768_3.jpg",
  "image_url_3": "https://sortiment.lidl.ch/media/catalog/product/cache/38c728e59b3a47950872534eff8a1e63/5/1/5111768_Banane45Grad_PSXX.jpg",
  "file_name_4": "5111768_4.jpg",
  "image_url_4": "https://sortiment.lidl.ch/media/catalog/product/cache/38c728e59b3a47950872534eff8a1e63/5/1/5111768_BananeTop_PSXX.jpg",
  "file_name_5": "5111768_5.jpg",
  "image_url_5": "https://sortiment.lidl.ch/media/catalog/product/cache/38c728e59b3a47950872534eff8a1e63/5/1/5111768_Erdbeer45Grad_PSXX.jpg",
  "file_name_6": "5111768_6.jpg",
  "image_url_6": "https://sortiment.lidl.ch/media/catalog/product/cache/38c728e59b3a47950872534eff8a1e63/5/1/5111768_ErdbeerTop_PSXX.jpg"
},
{
  "_id": {
    "$oid": "66f3a2f6d23ade1eec55fa36"
  },
  "unique_id": "187422",
  "product_name": "Kaffeegetränke",
  "brand": "Milbona",
  "regular_price": 0.89,
  "selling_price": 0.89,
  "price_per_unit": "pro 250ml | 1L = 3.56 CHF",
  "breadcrumb": "Sortiment > Sortiment > Kaffeegetränke",
  "pdp_url": "https://sortiment.lidl.ch/de/kaffeegetraenke-0187422",
  "product_description": "Artikelnr.: 187422",
  "producthierarchy_level1": "Sortiment",
  "producthierarchy_level2": "Sortiment",
  "producthierarchy_level3": "Kaffeegetränke",
  "producthierarchy_level4": "",
  "producthierarchy_level5": "",
  "producthierarchy_level6": "",
  "producthierarchy_level7": "",
  "currency": "Swiss franc",
  "file_name_1": "187422_1.jpg",
  "image_url_1": "https://sortiment.lidl.ch/media/catalog/product/cache/38c728e59b3a47950872534eff8a1e63/1/8/187422_Classic_PSXX.jpg",
  "file_name_2": "187422_2.jpg",
  "image_url_2": "https://sortiment.lidl.ch/media/catalog/product/cache/38c728e59b3a47950872534eff8a1e63/1/8/187422_Light_PSXX.jpg"
},
{
  "_id": {
    "$oid": "66f3a2f7d23ade1eec55fa37"
  },
  "unique_id": "5112082",
  "product_name": "Trutenbrust Barbecue / Paprika",
  "brand": "Maestade",
  "regular_price": 4.55,
  "selling_price": 4.55,
  "price_per_unit": "pro 120g | 100g = 3.80 CHF",
  "breadcrumb": "Sortiment > Sortiment > Trutenbrust Barbecue / Paprika",
  "pdp_url": "https://sortiment.lidl.ch/de/trutenbrust-barbecue-paprika-5112082",
  "product_description": "Artikelnr.: 5112082",
  "producthierarchy_level1": "Sortiment",
  "producthierarchy_level2": "Sortiment",
  "producthierarchy_level3": "Trutenbrust Barbecue / Paprika",
  "producthierarchy_level4": "",
  "producthierarchy_level5": "",
  "producthierarchy_level6": "",
  "producthierarchy_level7": "",
  "currency": "Swiss franc",
  "file_name_1": "5112082_1.jpg",
  "image_url_1": "https://sortiment.lidl.ch/media/catalog/product/cache/38c728e59b3a47950872534eff8a1e63/5/1/5112082_FKBF.jpg"
},
{
  "_id": {
    "$oid": "66f3a2f8d23ade1eec55fa38"
  },
  "unique_id": "5112020",
  "product_name": "Salad Bowl El Toro / Älpler",
  "brand": "Chef Select",
  "regular_price": 4.99,
  "selling_price": 4.99,
  "price_per_unit": "pro 290g, 300g | 100g = 1.73, 1.67 CHF",
  "breadcrumb": "Sortiment > Sortiment > Salad Bowl El Toro / Älpler",
  "pdp_url": "https://sortiment.lidl.ch/de/salad-bowl-el-toro-aelpler-5112020",
  "product_description": "Artikelnr.: 5112020",
  "producthierarchy_level1": "Sortiment",
  "producthierarchy_level2": "Sortiment",
  "producthierarchy_level3": "Salad Bowl El Toro / Älpler",
  "producthierarchy_level4": "",
  "producthierarchy_level5": "",
  "producthierarchy_level6": "",
  "producthierarchy_level7": "",
  "currency": "Swiss franc",
  "file_name_1": "5112020_1.jpg",
  "image_url_1": "https://sortiment.lidl.ch/media/catalog/product/cache/38c728e59b3a47950872534eff8a1e63/5/1/5112020_Aelpler_PSXX.jpg",
  "file_name_2": "5112020_2.jpg",
  "image_url_2": "https://sortiment.lidl.ch/media/catalog/product/cache/38c728e59b3a47950872534eff8a1e63/5/1/5112020_El_Toro_PSXX.jpg"
},
{
  "_id": {
    "$oid": "66f3a2fad23ade1eec55fa39"
  },
  "unique_id": "5112026",
  "product_name": "Salad Bowl",
  "brand": "Chef Select",
  "regular_price": 4.99,
  "selling_price": 4.99,
  "price_per_unit": "pro 300g | 100g = 1.67 CHF",
  "breadcrumb": "Sortiment > Sortiment > Salad Bowl",
  "pdp_url": "https://sortiment.lidl.ch/de/salad-bowl-5112026",
  "product_description": "Artikelnr.: 5112026",
  "producthierarchy_level1": "Sortiment",
  "producthierarchy_level2": "Sortiment",
  "producthierarchy_level3": "Salad Bowl",
  "producthierarchy_level4": "",
  "producthierarchy_level5": "",
  "producthierarchy_level6": "",
  "producthierarchy_level7": "",
  "currency": "Swiss franc",
  "file_name_1": "5112026_1.jpg",
  "image_url_1": "https://sortiment.lidl.ch/media/catalog/product/cache/38c728e59b3a47950872534eff8a1e63/5/1/5112026_Griechisch_PSXX.jpg",
  "file_name_2": "5112026_2.jpg",
  "image_url_2": "https://sortiment.lidl.ch/media/catalog/product/cache/38c728e59b3a47950872534eff8a1e63/5/1/5112026_PSXX.jpg"
},
{
  "_id": {
    "$oid": "66f3a2fbd23ade1eec55fa3a"
  },
  "unique_id": "5111836",
  "product_name": "Grosis Butterzopf",
  "brand": "Terra Natura",
  "regular_price": 3.99,
  "selling_price": 3.99,
  "price_per_unit": "pro 480g | 100g = 0.84 CHF",
  "breadcrumb": "Sortiment > Sortiment > Grosis Butterzopf",
  "pdp_url": "https://sortiment.lidl.ch/de/grosis-butterzopf-5111836",
  "product_description": "Artikelnr.: 5111836 Butterzopf. Zutaten: 53% Weizenmehl *, 24% Wasser, 9% Butter , Eier* *, Backhefe, Milch , Milchserumpulver , Zucker, 1,5% eingesottene Butter , Speisesalz, Butterfraktion , Rahm , Weizenkleber , Weizenstärke , Dextrose, Gerstenmalzmehl , Milchprotein , Acerolafruchtpulver (auf  Maltodextrin). Kann Spuren von Erdnüssen, Soja, Schalenfrüchten (Nüssen), Sellerie, Senf, Sesam und Sulfiten enthalten. *aus IPS Produktion. **Eier aus Bodenhaltung. Hergestellt in der Schweiz.",
  "producthierarchy_level1": "Sortiment",
  "producthierarchy_level2": "Sortiment",
  "producthierarchy_level3": "Grosis Butterzopf",
  "producthierarchy_level4": "",
  "producthierarchy_level5": "",
  "producthierarchy_level6": "",
  "producthierarchy_level7": "",
  "currency": "Swiss franc",
  "file_name_1": "5111836_1.jpg",
  "image_url_1": "https://sortiment.lidl.ch/media/catalog/product/cache/38c728e59b3a47950872534eff8a1e63/5/1/5111836_FKBF.jpg"
},
{
  "_id": {
    "$oid": "66f3a2fcd23ade1eec55fa3b"
  },
  "unique_id": "189673",
  "product_name": "Bio veganer Brotaufstrich",
  "brand": "Vemondo",
  "regular_price": 1.99,
  "selling_price": 1.99,
  "price_per_unit": "pro 180g | 100g = 1.11 CHF",
  "breadcrumb": "Sortiment > Sortiment > Bio veganer Brotaufstrich",
  "pdp_url": "https://sortiment.lidl.ch/de/bio-veganer-brotaufstrich-0189673",
  "product_description": "Artikelnr.: 189673",
  "producthierarchy_level1": "Sortiment",
  "producthierarchy_level2": "Sortiment",
  "producthierarchy_level3": "Bio veganer Brotaufstrich",
  "producthierarchy_level4": "",
  "producthierarchy_level5": "",
  "producthierarchy_level6": "",
  "producthierarchy_level7": "",
  "currency": "Swiss franc",
  "file_name_1": "189673_1.jpg",
  "image_url_1": "https://sortiment.lidl.ch/media/catalog/product/cache/38c728e59b3a47950872534eff8a1e63/1/8/189673_Baerlauch_PSXX.jpg",
  "file_name_2": "189673_2.jpg",
  "image_url_2": "https://sortiment.lidl.ch/media/catalog/product/cache/38c728e59b3a47950872534eff8a1e63/1/8/189673_Belugalinse_PSXX.jpg",
  "file_name_3": "189673_3.jpg",
  "image_url_3": "https://sortiment.lidl.ch/media/catalog/product/cache/38c728e59b3a47950872534eff8a1e63/1/8/189673_Curry_PSXX.jpg",
  "file_name_4": "189673_4.jpg",
  "image_url_4": "https://sortiment.lidl.ch/media/catalog/product/cache/38c728e59b3a47950872534eff8a1e63/1/8/189673_Paprika_PSXX.jpg",
  "file_name_5": "189673_5.jpg",
  "image_url_5": "https://sortiment.lidl.ch/media/catalog/product/cache/38c728e59b3a47950872534eff8a1e63/1/8/189673_Tomate_PSXX.jpg"
},
{
  "_id": {
    "$oid": "66f3a2fdd23ade1eec55fa3c"
  },
  "unique_id": "5716126",
  "product_name": "High Protein Sojadrink",
  "brand": "Vemondo",
  "regular_price": 1.99,
  "selling_price": 1.99,
  "price_per_unit": "pro 1l",
  "breadcrumb": "Sortiment > Sortiment > High Protein Sojadrink",
  "pdp_url": "https://sortiment.lidl.ch/de/high-protein-sojadrink-5716126",
  "product_description": "Artikelnr.: 5716126",
  "producthierarchy_level1": "Sortiment",
  "producthierarchy_level2": "Sortiment",
  "producthierarchy_level3": "High Protein Sojadrink",
  "producthierarchy_level4": "",
  "producthierarchy_level5": "",
  "producthierarchy_level6": "",
  "producthierarchy_level7": "",
  "currency": "Swiss franc",
  "file_name_1": "5716126_1.jpg",
  "image_url_1": "https://sortiment.lidl.ch/media/catalog/product/cache/38c728e59b3a47950872534eff8a1e63/5/7/5716126_PSXX.jpg"
},
{
  "_id": {
    "$oid": "66f3a301d23ade1eec55fa3d"
  },
  "unique_id": "5111552",
  "product_name": "Gemüsemischung / Gartenmix",
  "brand": "Freshona",
  "regular_price": 4.79,
  "selling_price": 4.79,
  "price_per_unit": "pro 1200g | 100g = 0.40 CHF",
  "breadcrumb": "Sortiment > Sortiment > Gemüsemischung / Gartenmix",
  "pdp_url": "https://sortiment.lidl.ch/de/gemuesemischung-gartenmix-5111552",
  "product_description": "Artikelnr.: 5111552",
  "producthierarchy_level1": "Sortiment",
  "producthierarchy_level2": "Sortiment",
  "producthierarchy_level3": "Gemüsemischung / Gartenmix",
  "producthierarchy_level4": "",
  "producthierarchy_level5": "",
  "producthierarchy_level6": "",
  "producthierarchy_level7": "",
  "currency": "Swiss franc",
  "file_name_1": "5111552_1.jpg",
  "image_url_1": "https://sortiment.lidl.ch/media/catalog/product/cache/38c728e59b3a47950872534eff8a1e63/5/1/5111552_Gartenmix_PSXX.jpg",
  "file_name_2": "5111552_2.jpg",
  "image_url_2": "https://sortiment.lidl.ch/media/catalog/product/cache/38c728e59b3a47950872534eff8a1e63/5/1/5111552_Gemuesemischung_PSXX.jpg"
},
{
  "_id": {
    "$oid": "66f3a303d23ade1eec55fa3e"
  },
  "unique_id": "178280",
  "product_name": "Toilettenpapier",
  "brand": "Floralys",
  "regular_price": 4.95,
  "selling_price": 4.95,
  "price_per_unit": "pro 2500Blatt",
  "breadcrumb": "Sortiment > Sortiment > Toilettenpapier",
  "pdp_url": "https://sortiment.lidl.ch/de/toilettenpapier-0178280",
  "product_description": "Artikelnr.: 178280",
  "producthierarchy_level1": "Sortiment",
  "producthierarchy_level2": "Sortiment",
  "producthierarchy_level3": "Toilettenpapier",
  "producthierarchy_level4": "",
  "producthierarchy_level5": "",
  "producthierarchy_level6": "",
  "producthierarchy_level7": "",
  "currency": "Swiss franc",
  "file_name_1": "178280_1.jpg",
  "image_url_1": "https://sortiment.lidl.ch/media/catalog/product/cache/38c728e59b3a47950872534eff8a1e63/1/7/178280_PSXX.jpg"
},
{
  "_id": {
    "$oid": "66f3a305d23ade1eec55fa3f"
  },
  "unique_id": "5111249",
  "product_name": "ASC Lachsforellenfilet",
  "brand": "Fisher's Choice",
  "regular_price": 2.99,
  "selling_price": 2.99,
  "price_per_unit": "pro 100g, ca. 160-200g",
  "breadcrumb": "Sortiment > Sortiment > ASC Lachsforellenfilet",
  "pdp_url": "https://sortiment.lidl.ch/de/asc-lachsforellenfilet-5111249",
  "product_description": "Artikelnr.: 5111249",
  "producthierarchy_level1": "Sortiment",
  "producthierarchy_level2": "Sortiment",
  "producthierarchy_level3": "ASC Lachsforellenfilet",
  "producthierarchy_level4": "",
  "producthierarchy_level5": "",
  "producthierarchy_level6": "",
  "producthierarchy_level7": "",
  "currency": "Swiss franc",
  "file_name_1": "5111249_1.jpg",
  "image_url_1": "https://sortiment.lidl.ch/media/catalog/product/cache/38c728e59b3a47950872534eff8a1e63/5/1/5111249_FKBF.jpg",
  "file_name_2": "5111249_2.jpg",
  "image_url_2": "https://sortiment.lidl.ch/media/catalog/product/cache/38c728e59b3a47950872534eff8a1e63/5/1/5111249_PSXX.jpg"
},
{
  "_id": {
    "$oid": "66f3a306d23ade1eec55fa40"
  },
  "unique_id": "96907",
  "product_name": "Stapelchips",
  "brand": "Snack Day",
  "regular_price": 1.85,
  "selling_price": 1.85,
  "price_per_unit": "pro 170g | 100g = 1.09 CHF",
  "breadcrumb": "Sortiment > Sortiment > Stapelchips",
  "pdp_url": "https://sortiment.lidl.ch/de/stapelchips-0096907",
  "product_description": "Artikelnr.: 96907",
  "producthierarchy_level1": "Sortiment",
  "producthierarchy_level2": "Sortiment",
  "producthierarchy_level3": "Stapelchips",
  "producthierarchy_level4": "",
  "producthierarchy_level5": "",
  "producthierarchy_level6": "",
  "producthierarchy_level7": "",
  "currency": "Swiss franc",
  "file_name_1": "96907_1.jpg",
  "image_url_1": "https://sortiment.lidl.ch/media/catalog/product/cache/38c728e59b3a47950872534eff8a1e63/9/6/96907_Nature_PSXX.jpg",
  "file_name_2": "96907_2.jpg",
  "image_url_2": "https://sortiment.lidl.ch/media/catalog/product/cache/38c728e59b3a47950872534eff8a1e63/9/6/96907_Paprika_PSXX.jpg",
  "file_name_3": "96907_3.jpg",
  "image_url_3": "https://sortiment.lidl.ch/media/catalog/product/cache/38c728e59b3a47950872534eff8a1e63/9/6/96907_SourCream_PSXX.jpg"
},
{
  "_id": {
    "$oid": "66f3a307d23ade1eec55fa41"
  },
  "unique_id": "177844",
  "product_name": "Alu-Kaffekapseln Modena Lungo",
  "brand": "Bellarom",
  "regular_price": 3.95,
  "selling_price": 3.95,
  "price_per_unit": "pro 20 Stück | 100g = 19.75, 3.41 CHF",
  "breadcrumb": "Sortiment > Sortiment > Alu-Kaffekapseln Modena Lungo",
  "pdp_url": "https://sortiment.lidl.ch/de/alu-kaffekapseln-modena-lungo-0177844",
  "product_description": "Artikelnr.: 177844",
  "producthierarchy_level1": "Sortiment",
  "producthierarchy_level2": "Sortiment",
  "producthierarchy_level3": "Alu-Kaffekapseln Modena Lungo",
  "producthierarchy_level4": "",
  "producthierarchy_level5": "",
  "producthierarchy_level6": "",
  "producthierarchy_level7": "",
  "currency": "Swiss franc",
  "file_name_1": "177844_1.jpg",
  "image_url_1": "https://sortiment.lidl.ch/media/catalog/product/cache/38c728e59b3a47950872534eff8a1e63/1/7/177844_PSXX.jpg"
},
{
  "_id": {
    "$oid": "66f3a309d23ade1eec55fa42"
  },
  "unique_id": "182886",
  "product_name": "Schwammtücher",
  "brand": "W5",
  "regular_price": 0.95,
  "selling_price": 0.95,
  "price_per_unit": "pro 5 Stück",
  "breadcrumb": "Sortiment > Sortiment > Schwammtücher",
  "pdp_url": "https://sortiment.lidl.ch/de/schwammtuecher-0182886",
  "product_description": "Artikelnr.: 182886",
  "producthierarchy_level1": "Sortiment",
  "producthierarchy_level2": "Sortiment",
  "producthierarchy_level3": "Schwammtücher",
  "producthierarchy_level4": "",
  "producthierarchy_level5": "",
  "producthierarchy_level6": "",
  "producthierarchy_level7": "",
  "currency": "Swiss franc",
  "file_name_1": "182886_1.jpg",
  "image_url_1": "https://sortiment.lidl.ch/media/catalog/product/cache/38c728e59b3a47950872534eff8a1e63/1/8/182886_PSXX.jpg"
},
{
  "_id": {
    "$oid": "66f3a30ad23ade1eec55fa43"
  },
  "unique_id": "193005",
  "product_name": "Fusspflegecrème",
  "brand": "Cien",
  "regular_price": 1.19,
  "selling_price": 1.19,
  "price_per_unit": "pro 100ml",
  "breadcrumb": "Sortiment > Sortiment > Fusspflegecrème",
  "pdp_url": "https://sortiment.lidl.ch/de/fusspflegecreme-0193005",
  "product_description": "Artikelnr.: 193005",
  "producthierarchy_level1": "Sortiment",
  "producthierarchy_level2": "Sortiment",
  "producthierarchy_level3": "Fusspflegecrème",
  "producthierarchy_level4": "",
  "producthierarchy_level5": "",
  "producthierarchy_level6": "",
  "producthierarchy_level7": "",
  "currency": "Swiss franc",
  "file_name_1": "193005_1.jpg",
  "image_url_1": "https://sortiment.lidl.ch/media/catalog/product/cache/38c728e59b3a47950872534eff8a1e63/1/9/193005_FussNagel_PSXX.jpg",
  "file_name_2": "193005_2.jpg",
  "image_url_2": "https://sortiment.lidl.ch/media/catalog/product/cache/38c728e59b3a47950872534eff8a1e63/1/9/193005_Fuss_PSXX.jpg"
},
{
  "_id": {
    "$oid": "66f3a30cd23ade1eec55fa44"
  },
  "unique_id": "5110465",
  "product_name": "Bio Sirup",
  "brand": "Solevita",
  "regular_price": 2.99,
  "selling_price": 2.99,
  "price_per_unit": "pro 500ml | 1L = 5.98 CHF",
  "breadcrumb": "Sortiment > Sortiment > Bio Sirup",
  "pdp_url": "https://sortiment.lidl.ch/de/bio-sirup-5110465",
  "product_description": "Artikelnr.: 5110465",
  "producthierarchy_level1": "Sortiment",
  "producthierarchy_level2": "Sortiment",
  "producthierarchy_level3": "Bio Sirup",
  "producthierarchy_level4": "",
  "producthierarchy_level5": "",
  "producthierarchy_level6": "",
  "producthierarchy_level7": "",
  "currency": "Swiss franc",
  "file_name_1": "5110465_1.jpg",
  "image_url_1": "https://sortiment.lidl.ch/media/catalog/product/cache/38c728e59b3a47950872534eff8a1e63/5/1/5110465_Grenadine_PSXX.jpg",
  "file_name_2": "5110465_2.jpg",
  "image_url_2": "https://sortiment.lidl.ch/media/catalog/product/cache/38c728e59b3a47950872534eff8a1e63/5/1/5110465_Rhabarber_PSXX.jpg",
  "file_name_3": "5110465_3.jpg",
  "image_url_3": "https://sortiment.lidl.ch/media/catalog/product/cache/38c728e59b3a47950872534eff8a1e63/5/1/5110465_Zitrone_PSXX.jpg"
},
{
  "_id": {
    "$oid": "66f3a30dd23ade1eec55fa45"
  },
  "unique_id": "198232",
  "product_name": "Nivea Deo Roll-on",
  "brand": "Nivea",
  "regular_price": 3.89,
  "selling_price": 3.89,
  "price_per_unit": "pro 50ml | 100ML = 7.78 CHF",
  "breadcrumb": "Sortiment > Sortiment > Nivea Deo Roll-on",
  "pdp_url": "https://sortiment.lidl.ch/de/nivea-deo-roll-on-0198232",
  "product_description": "Artikelnr.: 198232",
  "producthierarchy_level1": "Sortiment",
  "producthierarchy_level2": "Sortiment",
  "producthierarchy_level3": "Nivea Deo Roll-on",
  "producthierarchy_level4": "",
  "producthierarchy_level5": "",
  "producthierarchy_level6": "",
  "producthierarchy_level7": "",
  "currency": "Swiss franc",
  "file_name_1": "198232_1.jpg",
  "image_url_1": "https://sortiment.lidl.ch/media/catalog/product/cache/38c728e59b3a47950872534eff8a1e63/1/9/198232_CoolKickFresh_PSXX.jpg",
  "file_name_2": "198232_2.jpg",
  "image_url_2": "https://sortiment.lidl.ch/media/catalog/product/cache/38c728e59b3a47950872534eff8a1e63/1/9/198232_DryComfort_PSXX.jpg",
  "file_name_3": "198232_3.jpg",
  "image_url_3": "https://sortiment.lidl.ch/media/catalog/product/cache/38c728e59b3a47950872534eff8a1e63/1/9/198232_Impact_PSXX.jpg",
  "file_name_4": "198232_4.jpg",
  "image_url_4": "https://sortiment.lidl.ch/media/catalog/product/cache/38c728e59b3a47950872534eff8a1e63/1/9/198232_PureNatural_PSXX.jpg"
},
{
  "_id": {
    "$oid": "66f3a30ed23ade1eec55fa46"
  },
  "unique_id": "157433",
  "product_name": "Naturseife Malve",
  "brand": "Cien Nature",
  "regular_price": 2.99,
  "selling_price": 2.99,
  "price_per_unit": "pro 300ml | 100g = 1.00 CHF",
  "breadcrumb": "Sortiment > Sortiment > Naturseife Malve",
  "pdp_url": "https://sortiment.lidl.ch/de/naturseife-malve-0157433",
  "product_description": "Artikelnr.: 157433",
  "producthierarchy_level1": "Sortiment",
  "producthierarchy_level2": "Sortiment",
  "producthierarchy_level3": "Naturseife Malve",
  "producthierarchy_level4": "",
  "producthierarchy_level5": "",
  "producthierarchy_level6": "",
  "producthierarchy_level7": "",
  "currency": "Swiss franc",
  "file_name_1": "157433_1.jpg",
  "image_url_1": "https://sortiment.lidl.ch/media/catalog/product/cache/38c728e59b3a47950872534eff8a1e63/1/5/157433_PSXX.jpg"
},
{
  "_id": {
    "$oid": "66f3a30fd23ade1eec55fa47"
  },
  "unique_id": "5506073",
  "product_name": "Glutenfreies Brot",
  "brand": "Tastino",
  "regular_price": 2.19,
  "selling_price": 2.19,
  "price_per_unit": "pro 250g | 100g = 0.88 CHF",
  "breadcrumb": "Sortiment > Sortiment > Glutenfreies Brot",
  "pdp_url": "https://sortiment.lidl.ch/de/glutenfreies-brot-5506073",
  "product_description": "Artikelnr.: 5506073",
  "producthierarchy_level1": "Sortiment",
  "producthierarchy_level2": "Sortiment",
  "producthierarchy_level3": "Glutenfreies Brot",
  "producthierarchy_level4": "",
  "producthierarchy_level5": "",
  "producthierarchy_level6": "",
  "producthierarchy_level7": "",
  "currency": "Swiss franc",
  "file_name_1": "5506073_1.jpg",
  "image_url_1": "https://sortiment.lidl.ch/media/catalog/product/cache/38c728e59b3a47950872534eff8a1e63/5/5/5506073_PSXX.jpg",
  "file_name_2": "5506073_2.jpg",
  "image_url_2": "https://sortiment.lidl.ch/media/catalog/product/cache/38c728e59b3a47950872534eff8a1e63/5/5/5506073__dunkel_PSXX.jpg"
},
{
  "_id": {
    "$oid": "66f3a310d23ade1eec55fa48"
  },
  "unique_id": "1800158",
  "product_name": "Ben's Langkorn Reis",
  "brand": "Ben's",
  "regular_price": 5.89,
  "selling_price": 5.89,
  "price_per_unit": "pro 1kg",
  "breadcrumb": "Sortiment > Sortiment > Ben's Langkorn Reis",
  "pdp_url": "https://sortiment.lidl.ch/de/ben-s-langkorn-reis-1800158",
  "product_description": "Artikelnr.: 1800158",
  "producthierarchy_level1": "Sortiment",
  "producthierarchy_level2": "Sortiment",
  "producthierarchy_level3": "Ben's Langkorn Reis",
  "producthierarchy_level4": "",
  "producthierarchy_level5": "",
  "producthierarchy_level6": "",
  "producthierarchy_level7": "",
  "currency": "Swiss franc",
  "file_name_1": "1800158_1.jpg",
  "image_url_1": "https://sortiment.lidl.ch/media/catalog/product/cache/38c728e59b3a47950872534eff8a1e63/1/8/1800158_frontal_PSXX.jpg"
},
{
  "_id": {
    "$oid": "66f3a312d23ade1eec55fa49"
  },
  "unique_id": "172440",
  "product_name": "BIO Prosecco DOC",
  "brand": "Allini",
  "regular_price": 9.95,
  "selling_price": 9.95,
  "price_per_unit": "pro 0,75l | 1L = 13.27 CHF",
  "breadcrumb": "Sortiment > Sortiment > BIO Prosecco DOC",
  "pdp_url": "https://sortiment.lidl.ch/de/bio-prosecco-doc-0172440",
  "product_description": "Artikelnr.: 172440",
  "producthierarchy_level1": "Sortiment",
  "producthierarchy_level2": "Sortiment",
  "producthierarchy_level3": "BIO Prosecco DOC",
  "producthierarchy_level4": "",
  "producthierarchy_level5": "",
  "producthierarchy_level6": "",
  "producthierarchy_level7": "",
  "currency": "Swiss franc",
  "file_name_1": "172440_1.jpg",
  "image_url_1": "https://sortiment.lidl.ch/media/catalog/product/cache/38c728e59b3a47950872534eff8a1e63/1/7/172440_PSWE.jpg"
},
{
  "_id": {
    "$oid": "66f3a313d23ade1eec55fa4a"
  },
  "unique_id": "63293",
  "product_name": "Chardonnay GP Terre Siciliane",
  "brand": "CORTE AURELIO",
  "regular_price": 2.95,
  "selling_price": 2.95,
  "price_per_unit": "pro 0,75l | 1L = 3.94 CHF",
  "breadcrumb": "Sortiment > Sortiment > Chardonnay GP Terre Siciliane",
  "pdp_url": "https://sortiment.lidl.ch/de/chardonnay-gp-terre-siciliane-0063293",
  "product_description": "Artikelnr.: 63293",
  "producthierarchy_level1": "Sortiment",
  "producthierarchy_level2": "Sortiment",
  "producthierarchy_level3": "Chardonnay GP Terre Siciliane",
  "producthierarchy_level4": "",
  "producthierarchy_level5": "",
  "producthierarchy_level6": "",
  "producthierarchy_level7": "",
  "currency": "Swiss franc",
  "file_name_1": "63293_1.jpg",
  "image_url_1": "https://sortiment.lidl.ch/media/catalog/product/cache/38c728e59b3a47950872534eff8a1e63/6/3/63293_PSWE.jpg"
},
{
  "_id": {
    "$oid": "66f3a315d23ade1eec55fa4b"
  },
  "unique_id": "139128",
  "product_name": "Roquefort AOP",
  "brand": "Milbona",
  "regular_price": 2.99,
  "selling_price": 2.99,
  "price_per_unit": "pro 100g",
  "breadcrumb": "Sortiment > Sortiment > Roquefort AOP",
  "pdp_url": "https://sortiment.lidl.ch/de/roquefort-aop-0139128",
  "product_description": "Artikelnr.: 139128",
  "producthierarchy_level1": "Sortiment",
  "producthierarchy_level2": "Sortiment",
  "producthierarchy_level3": "Roquefort AOP",
  "producthierarchy_level4": "",
  "producthierarchy_level5": "",
  "producthierarchy_level6": "",
  "producthierarchy_level7": "",
  "currency": "Swiss franc",
  "file_name_1": "139128_1.jpg",
  "image_url_1": "https://sortiment.lidl.ch/media/catalog/product/cache/38c728e59b3a47950872534eff8a1e63/1/3/139128_FKBF.jpg",
  "file_name_2": "139128_2.jpg",
  "image_url_2": "https://sortiment.lidl.ch/media/catalog/product/cache/38c728e59b3a47950872534eff8a1e63/1/3/139128_PSXX.jpg"
},
{
  "_id": {
    "$oid": "66f3a316d23ade1eec55fa4c"
  },
  "unique_id": "5111754",
  "product_name": "Luzerner Perle",
  "brand": "Fromani typisch",
  "regular_price": 3.99,
  "selling_price": 3.99,
  "price_per_unit": "pro 185g | 100g = 2.16 CHF",
  "breadcrumb": "Sortiment > Sortiment > Luzerner Perle",
  "pdp_url": "https://sortiment.lidl.ch/de/luzerner-perle-5111754",
  "product_description": "Artikelnr.: 5111754",
  "producthierarchy_level1": "Sortiment",
  "producthierarchy_level2": "Sortiment",
  "producthierarchy_level3": "Luzerner Perle",
  "producthierarchy_level4": "",
  "producthierarchy_level5": "",
  "producthierarchy_level6": "",
  "producthierarchy_level7": "",
  "currency": "Swiss franc",
  "file_name_1": "5111754_1.jpg",
  "image_url_1": "https://sortiment.lidl.ch/media/catalog/product/cache/38c728e59b3a47950872534eff8a1e63/5/1/5111754_FKBF.jpg",
  "file_name_2": "5111754_2.jpg",
  "image_url_2": "https://sortiment.lidl.ch/media/catalog/product/cache/38c728e59b3a47950872534eff8a1e63/5/1/5111754_PSXX.jpg"
},
{
  "_id": {
    "$oid": "66f3a318d23ade1eec55fa4d"
  },
  "unique_id": "1800130",
  "product_name": "Volvic Tee Zitrone",
  "brand": "Volvic",
  "regular_price": 2.15,
  "selling_price": 2.15,
  "price_per_unit": "pro 1,5l | 1L = 1.44 CHF",
  "breadcrumb": "Sortiment > Sortiment > Volvic Tee Zitrone",
  "pdp_url": "https://sortiment.lidl.ch/de/volvic-tee-zitrone-1800130",
  "product_description": "Artikelnr.: 1800130",
  "producthierarchy_level1": "Sortiment",
  "producthierarchy_level2": "Sortiment",
  "producthierarchy_level3": "Volvic Tee Zitrone",
  "producthierarchy_level4": "",
  "producthierarchy_level5": "",
  "producthierarchy_level6": "",
  "producthierarchy_level7": "",
  "currency": "Swiss franc",
  "file_name_1": "1800130_1.jpg",
  "image_url_1": "https://sortiment.lidl.ch/media/catalog/product/cache/38c728e59b3a47950872534eff8a1e63/1/8/1800130_6erPack_PSXX.jpg",
  "file_name_2": "1800130_2.jpg",
  "image_url_2": "https://sortiment.lidl.ch/media/catalog/product/cache/38c728e59b3a47950872534eff8a1e63/1/8/1800130_EF_PSXX.jpg"
},
{
  "_id": {
    "$oid": "66f3a319d23ade1eec55fa4e"
  },
  "unique_id": "1800129",
  "product_name": "Volvic Tee Minze",
  "brand": "Volvic",
  "regular_price": 2.15,
  "selling_price": 2.15,
  "price_per_unit": "pro 1,5l | 1L = 1.44 CHF",
  "breadcrumb": "Sortiment > Sortiment > Volvic Tee Minze",
  "pdp_url": "https://sortiment.lidl.ch/de/volvic-tee-minze-1800129",
  "product_description": "Artikelnr.: 1800129",
  "producthierarchy_level1": "Sortiment",
  "producthierarchy_level2": "Sortiment",
  "producthierarchy_level3": "Volvic Tee Minze",
  "producthierarchy_level4": "",
  "producthierarchy_level5": "",
  "producthierarchy_level6": "",
  "producthierarchy_level7": "",
  "currency": "Swiss franc",
  "file_name_1": "1800129_1.jpg",
  "image_url_1": "https://sortiment.lidl.ch/media/catalog/product/cache/38c728e59b3a47950872534eff8a1e63/1/8/1800129_6erPack_PSXX.jpg",
  "file_name_2": "1800129_2.jpg",
  "image_url_2": "https://sortiment.lidl.ch/media/catalog/product/cache/38c728e59b3a47950872534eff8a1e63/1/8/1800129_EF_PSXX.jpg"
},
{
  "_id": {
    "$oid": "66f3a31bd23ade1eec55fa4f"
  },
  "unique_id": "1800128",
  "product_name": "Volvic Tee Pfirsich",
  "brand": "Volvic",
  "regular_price": 2.15,
  "selling_price": 2.15,
  "price_per_unit": "pro 1,5l | 1L = 1.44 CHF",
  "breadcrumb": "Sortiment > Sortiment > Volvic Tee Pfirsich",
  "pdp_url": "https://sortiment.lidl.ch/de/volvic-tee-pfirsich-1800128",
  "product_description": "Artikelnr.: 1800128",
  "producthierarchy_level1": "Sortiment",
  "producthierarchy_level2": "Sortiment",
  "producthierarchy_level3": "Volvic Tee Pfirsich",
  "producthierarchy_level4": "",
  "producthierarchy_level5": "",
  "producthierarchy_level6": "",
  "producthierarchy_level7": "",
  "currency": "Swiss franc",
  "file_name_1": "1800128_1.jpg",
  "image_url_1": "https://sortiment.lidl.ch/media/catalog/product/cache/38c728e59b3a47950872534eff8a1e63/1/8/1800128_6erPack_PSXX.jpg",
  "file_name_2": "1800128_2.jpg",
  "image_url_2": "https://sortiment.lidl.ch/media/catalog/product/cache/38c728e59b3a47950872534eff8a1e63/1/8/1800128_EF_PSXX.jpg"
},
{
  "_id": {
    "$oid": "66f3a31cd23ade1eec55fa50"
  },
  "unique_id": "5112201",
  "product_name": "Smirnoff Ice Original",
  "brand": "Smirnoff",
  "regular_price": 9.89,
  "selling_price": 9.89,
  "price_per_unit": "pro 4x0,25l",
  "breadcrumb": "Sortiment > Sortiment > Smirnoff Ice Original",
  "pdp_url": "https://sortiment.lidl.ch/de/smirnoff-ice-original-5112201",
  "product_description": "Artikelnr.: 5112201",
  "producthierarchy_level1": "Sortiment",
  "producthierarchy_level2": "Sortiment",
  "producthierarchy_level3": "Smirnoff Ice Original",
  "producthierarchy_level4": "",
  "producthierarchy_level5": "",
  "producthierarchy_level6": "",
  "producthierarchy_level7": "",
  "currency": "Swiss franc",
  "file_name_1": "5112201_1.jpg",
  "image_url_1": "https://sortiment.lidl.ch/media/catalog/product/cache/38c728e59b3a47950872534eff8a1e63/5/1/5112201_4erPack_PSXX.jpg",
  "file_name_2": "5112201_2.jpg",
  "image_url_2": "https://sortiment.lidl.ch/media/catalog/product/cache/38c728e59b3a47950872534eff8a1e63/5/1/5112201_4erPack_frontal_PSXX.jpg",
  "file_name_3": "5112201_3.jpg",
  "image_url_3": "https://sortiment.lidl.ch/media/catalog/product/cache/38c728e59b3a47950872534eff8a1e63/5/1/5112201_Einzeldose_PSXX.jpg"
},
{
  "_id": {
    "$oid": "66f3a31ed23ade1eec55fa51"
  },
  "unique_id": "5112107",
  "product_name": "Kleiner Feigling Shot",
  "brand": "",
  "regular_price": 1.55,
  "selling_price": 1.55,
  "price_per_unit": "pro 2cl | 1L = 77.50 CHF",
  "breadcrumb": "Sortiment > Sortiment > Kleiner Feigling Shot",
  "pdp_url": "https://sortiment.lidl.ch/de/kleiner-feigling-shot-5112107",
  "product_description": "Artikelnr.: 5112107",
  "producthierarchy_level1": "Sortiment",
  "producthierarchy_level2": "Sortiment",
  "producthierarchy_level3": "Kleiner Feigling Shot",
  "producthierarchy_level4": "",
  "producthierarchy_level5": "",
  "producthierarchy_level6": "",
  "producthierarchy_level7": "",
  "currency": "Swiss franc",
  "file_name_1": "5112107_1.jpg",
  "image_url_1": "https://sortiment.lidl.ch/media/catalog/product/cache/38c728e59b3a47950872534eff8a1e63/5/1/5112107_PSXX.jpg"
},
{
  "_id": {
    "$oid": "66f3a31fd23ade1eec55fa52"
  },
  "unique_id": "5112139",
  "product_name": "Jack Daniel's Whisky Old No.7",
  "brand": "Jack Daniel's",
  "regular_price": 31.45,
  "selling_price": 31.45,
  "price_per_unit": "pro 0,7l | 1L = 44.93 CHF",
  "breadcrumb": "Sortiment > Sortiment > Jack Daniel's Whisky Old No.7",
  "pdp_url": "https://sortiment.lidl.ch/de/jack-daniel-s-whisky-old-no-7-5112139",
  "product_description": "Artikelnr.: 5112139",
  "producthierarchy_level1": "Sortiment",
  "producthierarchy_level2": "Sortiment",
  "producthierarchy_level3": "Jack Daniel's Whisky Old No.7",
  "producthierarchy_level4": "",
  "producthierarchy_level5": "",
  "producthierarchy_level6": "",
  "producthierarchy_level7": "",
  "currency": "Swiss franc",
  "file_name_1": "5112139_1.jpg",
  "image_url_1": "https://sortiment.lidl.ch/media/catalog/product/cache/38c728e59b3a47950872534eff8a1e63/5/1/5112139_PSXX.jpg"
},
{
  "_id": {
    "$oid": "66f3a320d23ade1eec55fa53"
  },
  "unique_id": "1800157",
  "product_name": "Ben's Spitzen-Langkornreis",
  "brand": "Ben's",
  "regular_price": 5.89,
  "selling_price": 5.89,
  "price_per_unit": "pro 1kg",
  "breadcrumb": "Sortiment > Sortiment > Ben's Spitzen-Langkornreis",
  "pdp_url": "https://sortiment.lidl.ch/de/ben-s-spitzen-langkornreis-1800157",
  "product_description": "Artikelnr.: 1800157",
  "producthierarchy_level1": "Sortiment",
  "producthierarchy_level2": "Sortiment",
  "producthierarchy_level3": "Ben's Spitzen-Langkornreis",
  "producthierarchy_level4": "",
  "producthierarchy_level5": "",
  "producthierarchy_level6": "",
  "producthierarchy_level7": "",
  "currency": "Swiss franc",
  "file_name_1": "1800157_1.jpg",
  "image_url_1": "https://sortiment.lidl.ch/media/catalog/product/cache/38c728e59b3a47950872534eff8a1e63/1/8/1800157_PSXX.jpg"
},
{
  "_id": {
    "$oid": "66f3a322d23ade1eec55fa54"
  },
  "unique_id": "5107132",
  "product_name": "Bio Sirup",
  "brand": "Solevita",
  "regular_price": 2.99,
  "selling_price": 2.99,
  "price_per_unit": "pro 500ml | 1L = 5.98 CHF",
  "breadcrumb": "Sortiment > Sortiment > Bio Sirup",
  "pdp_url": "https://sortiment.lidl.ch/de/bio-sirup-5107132",
  "product_description": "Artikelnr.: 5107132",
  "producthierarchy_level1": "Sortiment",
  "producthierarchy_level2": "Sortiment",
  "producthierarchy_level3": "Bio Sirup",
  "producthierarchy_level4": "",
  "producthierarchy_level5": "",
  "producthierarchy_level6": "",
  "producthierarchy_level7": "",
  "currency": "Swiss franc",
  "file_name_1": "5107132_1.jpg",
  "image_url_1": "https://sortiment.lidl.ch/media/catalog/product/cache/38c728e59b3a47950872534eff8a1e63/5/1/5107132_Alpenk_PSXX.jpg",
  "file_name_2": "5107132_2.jpg",
  "image_url_2": "https://sortiment.lidl.ch/media/catalog/product/cache/38c728e59b3a47950872534eff8a1e63/5/1/5107132_Cassis_PSXX.jpg",
  "file_name_3": "5107132_3.jpg",
  "image_url_3": "https://sortiment.lidl.ch/media/catalog/product/cache/38c728e59b3a47950872534eff8a1e63/5/1/5107132_Himbeer_PSXX.jpg",
  "file_name_4": "5107132_4.jpg",
  "image_url_4": "https://sortiment.lidl.ch/media/catalog/product/cache/38c728e59b3a47950872534eff8a1e63/5/1/5107132_Holunder_PSXX.jpg"
},
{
  "_id": {
    "$oid": "66f3a323d23ade1eec55fa55"
  },
  "unique_id": "155075",
  "product_name": "Topf- und Geschirr Reiniger",
  "brand": "W5",
  "regular_price": 0.89,
  "selling_price": 0.89,
  "price_per_unit": "pro 6 Stück",
  "breadcrumb": "Sortiment > Sortiment > Topf- und Geschirr Reiniger",
  "pdp_url": "https://sortiment.lidl.ch/de/topf-und-geschirr-reiniger-0155075",
  "product_description": "Artikelnr.: 155075",
  "producthierarchy_level1": "Sortiment",
  "producthierarchy_level2": "Sortiment",
  "producthierarchy_level3": "Topf- und Geschirr Reiniger",
  "producthierarchy_level4": "",
  "producthierarchy_level5": "",
  "producthierarchy_level6": "",
  "producthierarchy_level7": "",
  "currency": "Swiss franc",
  "file_name_1": "155075_1.jpg",
  "image_url_1": "https://sortiment.lidl.ch/media/catalog/product/cache/38c728e59b3a47950872534eff8a1e63/1/5/155075_PSXX.jpg"
},
{
  "_id": {
    "$oid": "66f3a325d23ade1eec55fa56"
  },
  "unique_id": "5111825",
  "product_name": "Lay's Chips Herb Butter",
  "brand": "Lay's",
  "regular_price": 3.59,
  "selling_price": 3.59,
  "price_per_unit": "pro 150g | 100g = 2.40 CHF",
  "breadcrumb": "Sortiment > Sortiment > Lay's Chips Herb Butter",
  "pdp_url": "https://sortiment.lidl.ch/de/lay-s-chips-herb-butter-5111825",
  "product_description": "Artikelnr.: 5111825",
  "producthierarchy_level1": "Sortiment",
  "producthierarchy_level2": "Sortiment",
  "producthierarchy_level3": "Lay's Chips Herb Butter",
  "producthierarchy_level4": "",
  "producthierarchy_level5": "",
  "producthierarchy_level6": "",
  "producthierarchy_level7": "",
  "currency": "Swiss franc",
  "file_name_1": "5111825_1.jpg",
  "image_url_1": "https://sortiment.lidl.ch/media/catalog/product/cache/38c728e59b3a47950872534eff8a1e63/5/1/5111825_PSXX.jpg"
},
{
  "_id": {
    "$oid": "66f3a326d23ade1eec55fa57"
  },
  "unique_id": "5111824",
  "product_name": "Lay's Chips Salz",
  "brand": "Lay's",
  "regular_price": 3.59,
  "selling_price": 3.59,
  "price_per_unit": "pro 150g | 100g = 2.40 CHF",
  "breadcrumb": "Sortiment > Sortiment > Lay's Chips Salz",
  "pdp_url": "https://sortiment.lidl.ch/de/lay-s-chips-salz-5111824",
  "product_description": "Artikelnr.: 5111824",
  "producthierarchy_level1": "Sortiment",
  "producthierarchy_level2": "Sortiment",
  "producthierarchy_level3": "Lay's Chips Salz",
  "producthierarchy_level4": "",
  "producthierarchy_level5": "",
  "producthierarchy_level6": "",
  "producthierarchy_level7": "",
  "currency": "Swiss franc",
  "file_name_1": "5111824_1.jpg",
  "image_url_1": "https://sortiment.lidl.ch/media/catalog/product/cache/38c728e59b3a47950872534eff8a1e63/5/1/5111824_PSXX.jpg"
},
{
  "_id": {
    "$oid": "66f3a328d23ade1eec55fa58"
  },
  "unique_id": "193947",
  "product_name": "Bio Lachsfilet Portionen",
  "brand": "Fisher's Choice",
  "regular_price": 16.85,
  "selling_price": 16.85,
  "price_per_unit": "pro 3x125g | 100g = 4.50 CHF",
  "breadcrumb": "Sortiment > Sortiment > Bio Lachsfilet Portionen",
  "pdp_url": "https://sortiment.lidl.ch/de/bio-lachsfilet-portionen-0193947",
  "product_description": "Artikelnr.: 193947",
  "producthierarchy_level1": "Sortiment",
  "producthierarchy_level2": "Sortiment",
  "producthierarchy_level3": "Bio Lachsfilet Portionen",
  "producthierarchy_level4": "",
  "producthierarchy_level5": "",
  "producthierarchy_level6": "",
  "producthierarchy_level7": "",
  "currency": "Swiss franc",
  "file_name_1": "193947_1.jpg",
  "image_url_1": "https://sortiment.lidl.ch/media/catalog/product/cache/38c728e59b3a47950872534eff8a1e63/1/9/193947_PSXX.jpg"
},
{
  "_id": {
    "$oid": "66f3a32ad23ade1eec55fa59"
  },
  "unique_id": "193271",
  "product_name": "la bella grande Margherita/Salami",
  "brand": "Trattoria Alfredo",
  "regular_price": 3.49,
  "selling_price": 3.49,
  "price_per_unit": "pro 360g, 380g | 100g = 0.97, 0.92 CHF",
  "breadcrumb": "Sortiment > Sortiment > la bella grande Margherita/Salami",
  "pdp_url": "https://sortiment.lidl.ch/de/la-bella-grande-margherita-salami-0193271",
  "product_description": "Artikelnr.: 193271",
  "producthierarchy_level1": "Sortiment",
  "producthierarchy_level2": "Sortiment",
  "producthierarchy_level3": "la bella grande Margherita/Salami",
  "producthierarchy_level4": "",
  "producthierarchy_level5": "",
  "producthierarchy_level6": "",
  "producthierarchy_level7": "",
  "currency": "Swiss franc",
  "file_name_1": "193271_1.jpg",
  "image_url_1": "https://sortiment.lidl.ch/media/catalog/product/cache/38c728e59b3a47950872534eff8a1e63/1/9/193271_Margherita_PSXX.jpg",
  "file_name_2": "193271_2.jpg",
  "image_url_2": "https://sortiment.lidl.ch/media/catalog/product/cache/38c728e59b3a47950872534eff8a1e63/1/9/193271_Salami_PSXX.jpg"
},
{
  "_id": {
    "$oid": "66f3a32bd23ade1eec55fa5a"
  },
  "unique_id": "186750",
  "product_name": "Schokoladenstäbchen",
  "brand": "Mister Choc",
  "regular_price": 1.99,
  "selling_price": 1.99,
  "price_per_unit": "pro 200g | 100g = 1.00 CHF",
  "breadcrumb": "Sortiment > Sortiment > Schokoladenstäbchen",
  "pdp_url": "https://sortiment.lidl.ch/de/schokoladenstaebchen-0186750",
  "product_description": "Artikelnr.: 186750",
  "producthierarchy_level1": "Sortiment",
  "producthierarchy_level2": "Sortiment",
  "producthierarchy_level3": "Schokoladenstäbchen",
  "producthierarchy_level4": "",
  "producthierarchy_level5": "",
  "producthierarchy_level6": "",
  "producthierarchy_level7": "",
  "currency": "Swiss franc",
  "file_name_1": "186750_1.jpg",
  "image_url_1": "https://sortiment.lidl.ch/media/catalog/product/cache/38c728e59b3a47950872534eff8a1e63/1/8/186750_PSXX.jpg"
},
{
  "_id": {
    "$oid": "66f3a32dd23ade1eec55fa5b"
  },
  "unique_id": "129141",
  "product_name": "Vegane Steinofenpizza",
  "brand": "Vemondo",
  "regular_price": 2.99,
  "selling_price": 2.99,
  "price_per_unit": "pro 350g, 390g | 100g = 0.86, 0.77 CHF",
  "breadcrumb": "Sortiment > Sortiment > Vegane Steinofenpizza",
  "pdp_url": "https://sortiment.lidl.ch/de/vegane-steinofenpizza-0129141",
  "product_description": "Artikelnr.: 129141",
  "producthierarchy_level1": "Sortiment",
  "producthierarchy_level2": "Sortiment",
  "producthierarchy_level3": "Vegane Steinofenpizza",
  "producthierarchy_level4": "",
  "producthierarchy_level5": "",
  "producthierarchy_level6": "",
  "producthierarchy_level7": "",
  "currency": "Swiss franc",
  "file_name_1": "129141_1.jpg",
  "image_url_1": "https://sortiment.lidl.ch/media/catalog/product/cache/38c728e59b3a47950872534eff8a1e63/1/2/129141_Bruschetta_PSXX.jpg",
  "file_name_2": "129141_2.jpg",
  "image_url_2": "https://sortiment.lidl.ch/media/catalog/product/cache/38c728e59b3a47950872534eff8a1e63/1/2/129141_Margherita_PSXX.jpg"
},
{
  "_id": {
    "$oid": "66f3a32ed23ade1eec55fa5c"
  },
  "unique_id": "110982",
  "product_name": "Crunchy Joghurt",
  "brand": "Milbona",
  "regular_price": 0.69,
  "selling_price": 0.69,
  "price_per_unit": "pro 175g | 100g = 0.40 CHF",
  "breadcrumb": "Sortiment > Sortiment > Crunchy Joghurt",
  "pdp_url": "https://sortiment.lidl.ch/de/crunchy-joghurt-0110982",
  "product_description": "Artikelnr.: 110982",
  "producthierarchy_level1": "Sortiment",
  "producthierarchy_level2": "Sortiment",
  "producthierarchy_level3": "Crunchy Joghurt",
  "producthierarchy_level4": "",
  "producthierarchy_level5": "",
  "producthierarchy_level6": "",
  "producthierarchy_level7": "",
  "currency": "Swiss franc",
  "file_name_1": "110982_1.jpg",
  "image_url_1": "https://sortiment.lidl.ch/media/catalog/product/cache/38c728e59b3a47950872534eff8a1e63/1/1/110982_Banana_PSXX.jpg",
  "file_name_2": "110982_2.jpg",
  "image_url_2": "https://sortiment.lidl.ch/media/catalog/product/cache/38c728e59b3a47950872534eff8a1e63/1/1/110982_Vanilla_PSXX.jpg",
  "file_name_3": "110982_3.jpg",
  "image_url_3": "https://sortiment.lidl.ch/media/catalog/product/cache/38c728e59b3a47950872534eff8a1e63/1/1/110982_Yogurt_Chocolate_Wafer_PSXX.jpg"
},
{
  "_id": {
    "$oid": "66f3a32fd23ade1eec55fa5d"
  },
  "unique_id": "5010195",
  "product_name": "Vemondo Bio vegane Joghurtalternative",
  "brand": "Vemondo",
  "regular_price": 1.99,
  "selling_price": 1.99,
  "price_per_unit": "pro 400g | 100g = 0.50 CHF",
  "breadcrumb": "Sortiment > Sortiment > Vemondo Bio vegane Joghurtalternative",
  "pdp_url": "https://sortiment.lidl.ch/de/vemondo-bio-vegane-joghurtalternative-5010195",
  "product_description": "Artikelnr.: 5010195",
  "producthierarchy_level1": "Sortiment",
  "producthierarchy_level2": "Sortiment",
  "producthierarchy_level3": "Vemondo Bio vegane Joghurtalternative",
  "producthierarchy_level4": "",
  "producthierarchy_level5": "",
  "producthierarchy_level6": "",
  "producthierarchy_level7": "",
  "currency": "Swiss franc",
  "file_name_1": "5010195_1.jpg",
  "image_url_1": "https://sortiment.lidl.ch/media/catalog/product/cache/38c728e59b3a47950872534eff8a1e63/5/0/5010195_Mandel_PSXX.jpg",
  "file_name_2": "5010195_2.jpg",
  "image_url_2": "https://sortiment.lidl.ch/media/catalog/product/cache/38c728e59b3a47950872534eff8a1e63/5/0/5010195_PSXX.jpg"
},
{
  "_id": {
    "$oid": "66f3a331d23ade1eec55fa5e"
  },
  "unique_id": "1800201",
  "product_name": "Ariel Pods Color",
  "brand": "Ariel",
  "regular_price": 23.49,
  "selling_price": 23.49,
  "price_per_unit": "pro 30 Stk | 1 Stk = 0.79 CHF",
  "breadcrumb": "Sortiment > Sortiment > Ariel Pods Color",
  "pdp_url": "https://sortiment.lidl.ch/de/ariel-pods-color-1800201",
  "product_description": "Artikelnr.: 1800201",
  "producthierarchy_level1": "Sortiment",
  "producthierarchy_level2": "Sortiment",
  "producthierarchy_level3": "Ariel Pods Color",
  "producthierarchy_level4": "",
  "producthierarchy_level5": "",
  "producthierarchy_level6": "",
  "producthierarchy_level7": "",
  "currency": "Swiss franc",
  "file_name_1": "1800201_1.jpg",
  "image_url_1": "https://sortiment.lidl.ch/media/catalog/product/cache/38c728e59b3a47950872534eff8a1e63/1/8/1800201_PSXX.jpg"
},
{
  "_id": {
    "$oid": "66f3a332d23ade1eec55fa5f"
  },
  "unique_id": "1800200",
  "product_name": "Ariel Pods Universal",
  "brand": "Ariel",
  "regular_price": 23.49,
  "selling_price": 23.49,
  "price_per_unit": "pro 30 Stk | 1 Stk = 0.79 CHF",
  "breadcrumb": "Sortiment > Sortiment > Ariel Pods Universal",
  "pdp_url": "https://sortiment.lidl.ch/de/ariel-pods-universal-1800200",
  "product_description": "Artikelnr.: 1800200",
  "producthierarchy_level1": "Sortiment",
  "producthierarchy_level2": "Sortiment",
  "producthierarchy_level3": "Ariel Pods Universal",
  "producthierarchy_level4": "",
  "producthierarchy_level5": "",
  "producthierarchy_level6": "",
  "producthierarchy_level7": "",
  "currency": "Swiss franc",
  "file_name_1": "1800200_1.jpg",
  "image_url_1": "https://sortiment.lidl.ch/media/catalog/product/cache/38c728e59b3a47950872534eff8a1e63/1/8/1800200_PSXX.jpg"
},
{
  "_id": {
    "$oid": "66f3a334d23ade1eec55fa60"
  },
  "unique_id": "1800197",
  "product_name": "Lenor Weichspüler sort.",
  "brand": "Lenor",
  "regular_price": 8.75,
  "selling_price": 8.75,
  "price_per_unit": "pro 1.7l | 1L = 5.15 CHF",
  "breadcrumb": "Sortiment > Sortiment > Lenor Weichspüler sort.",
  "pdp_url": "https://sortiment.lidl.ch/de/lenor-weichspueler-sort-1800197",
  "product_description": "Artikelnr.: 1800197",
  "producthierarchy_level1": "Sortiment",
  "producthierarchy_level2": "Sortiment",
  "producthierarchy_level3": "Lenor Weichspüler sort.",
  "producthierarchy_level4": "",
  "producthierarchy_level5": "",
  "producthierarchy_level6": "",
  "producthierarchy_level7": "",
  "currency": "Swiss franc",
  "file_name_1": "1800197_1.jpg",
  "image_url_1": "https://sortiment.lidl.ch/media/catalog/product/cache/38c728e59b3a47950872534eff8a1e63/1/8/1800197_Aprilfrisch_PSXX.jpg",
  "file_name_2": "1800197_2.jpg",
  "image_url_2": "https://sortiment.lidl.ch/media/catalog/product/cache/38c728e59b3a47950872534eff8a1e63/1/8/1800197_Sensitiv_PSXX.jpg"
},
{
  "_id": {
    "$oid": "66f3a335d23ade1eec55fa61"
  },
  "unique_id": "1800136",
  "product_name": "Le Petit Marseillais Duschgel",
  "brand": "Le Petit Marseillais",
  "regular_price": 3.45,
  "selling_price": 3.45,
  "price_per_unit": "pro 250ml | 100ML = 1.38 CHF",
  "breadcrumb": "Sortiment > Sortiment > Le Petit Marseillais Duschgel",
  "pdp_url": "https://sortiment.lidl.ch/de/le-petit-marseillais-duschgel-1800136",
  "product_description": "Artikelnr.: 1800136",
  "producthierarchy_level1": "Sortiment",
  "producthierarchy_level2": "Sortiment",
  "producthierarchy_level3": "Le Petit Marseillais Duschgel",
  "producthierarchy_level4": "",
  "producthierarchy_level5": "",
  "producthierarchy_level6": "",
  "producthierarchy_level7": "",
  "currency": "Swiss franc",
  "file_name_1": "1800136_1.jpg",
  "image_url_1": "https://sortiment.lidl.ch/media/catalog/product/cache/38c728e59b3a47950872534eff8a1e63/1/8/1800136_Orange_PSXX.jpg",
  "file_name_2": "1800136_2.jpg",
  "image_url_2": "https://sortiment.lidl.ch/media/catalog/product/cache/38c728e59b3a47950872534eff8a1e63/1/8/1800136_Suessmandel_PSXX.jpg",
  "file_name_3": "1800136_3.jpg",
  "image_url_3": "https://sortiment.lidl.ch/media/catalog/product/cache/38c728e59b3a47950872534eff8a1e63/1/8/1800136_Vanillemilch_PSXX.jpg",
  "file_name_4": "1800136_4.jpg",
  "image_url_4": "https://sortiment.lidl.ch/media/catalog/product/cache/38c728e59b3a47950872534eff8a1e63/1/8/1800136_WachholderFarn_PSXX.jpg"
},
{
  "_id": {
    "$oid": "66f3a337d23ade1eec55fa62"
  },
  "unique_id": "5619",
  "product_name": "Head&Shoulders Shampoo",
  "brand": "Head&Shoulders",
  "regular_price": 7.59,
  "selling_price": 7.59,
  "price_per_unit": "pro 500ml | 100ML = 1.52 CHF",
  "breadcrumb": "Sortiment > Sortiment > Head&Shoulders Shampoo",
  "pdp_url": "https://sortiment.lidl.ch/de/head-shoulders-shampoo-0005619",
  "product_description": "Artikelnr.: 5619",
  "producthierarchy_level1": "Sortiment",
  "producthierarchy_level2": "Sortiment",
  "producthierarchy_level3": "Head&Shoulders Shampoo",
  "producthierarchy_level4": "",
  "producthierarchy_level5": "",
  "producthierarchy_level6": "",
  "producthierarchy_level7": "",
  "currency": "Swiss franc",
  "file_name_1": "5619_1.jpg",
  "image_url_1": "https://sortiment.lidl.ch/media/catalog/product/cache/38c728e59b3a47950872534eff8a1e63/5/6/5619_Apple_PSXX.jpg",
  "file_name_2": "5619_2.jpg",
  "image_url_2": "https://sortiment.lidl.ch/media/catalog/product/cache/38c728e59b3a47950872534eff8a1e63/5/6/5619_Citrus_PSXX.jpg",
  "file_name_3": "5619_3.jpg",
  "image_url_3": "https://sortiment.lidl.ch/media/catalog/product/cache/38c728e59b3a47950872534eff8a1e63/5/6/5619_Classic_PSXX.jpg",
  "file_name_4": "5619_4.jpg",
  "image_url_4": "https://sortiment.lidl.ch/media/catalog/product/cache/38c728e59b3a47950872534eff8a1e63/5/6/5619_ForMen_PSXX.jpg"
},
{
  "_id": {
    "$oid": "66f3a338d23ade1eec55fa63"
  },
  "unique_id": "1800234",
  "product_name": "Mars/Snickers/ Twix",
  "brand": "Mars",
  "regular_price": 2.95,
  "selling_price": 2.95,
  "price_per_unit": "pro 225g, 250g | 100g = 1.32, 1.18 CHF",
  "breadcrumb": "Sortiment > Sortiment > Mars/Snickers/ Twix",
  "pdp_url": "https://sortiment.lidl.ch/de/mars-snickers-twix-1800234",
  "product_description": "Artikelnr.: 1800234",
  "producthierarchy_level1": "Sortiment",
  "producthierarchy_level2": "Sortiment",
  "producthierarchy_level3": "Mars/Snickers/ Twix",
  "producthierarchy_level4": "",
  "producthierarchy_level5": "",
  "producthierarchy_level6": "",
  "producthierarchy_level7": "",
  "currency": "Swiss franc",
  "file_name_1": "1800234_1.jpg",
  "image_url_1": "https://sortiment.lidl.ch/media/catalog/product/cache/38c728e59b3a47950872534eff8a1e63/1/8/1800234_Mars_PSXX.jpg",
  "file_name_2": "1800234_2.jpg",
  "image_url_2": "https://sortiment.lidl.ch/media/catalog/product/cache/38c728e59b3a47950872534eff8a1e63/1/8/1800234_Snickers_PSXX.jpg",
  "file_name_3": "1800234_3.jpg",
  "image_url_3": "https://sortiment.lidl.ch/media/catalog/product/cache/38c728e59b3a47950872534eff8a1e63/1/8/1800234_Twix_PSXX.jpg"
},
{
  "_id": {
    "$oid": "66f3a33ad23ade1eec55fa64"
  },
  "unique_id": "158178",
  "product_name": "Allzweckbeutel",
  "brand": "Aromata",
  "regular_price": 0.79,
  "selling_price": 0.79,
  "price_per_unit": "pro 120 Stück | 1 Stk = 0.01 CHF",
  "breadcrumb": "Sortiment > Sortiment > Allzweckbeutel",
  "pdp_url": "https://sortiment.lidl.ch/de/allzweckbeutel-0158178",
  "product_description": "Artikelnr.: 158178",
  "producthierarchy_level1": "Sortiment",
  "producthierarchy_level2": "Sortiment",
  "producthierarchy_level3": "Allzweckbeutel",
  "producthierarchy_level4": "",
  "producthierarchy_level5": "",
  "producthierarchy_level6": "",
  "producthierarchy_level7": "",
  "currency": "Swiss franc",
  "file_name_1": "158178_1.jpg",
  "image_url_1": "https://sortiment.lidl.ch/media/catalog/product/cache/38c728e59b3a47950872534eff8a1e63/1/5/158178_PSXX.jpg"
},
{
  "_id": {
    "$oid": "66f3a33bd23ade1eec55fa65"
  },
  "unique_id": "200131",
  "product_name": "Griechisches Olivenöl",
  "brand": "Primadonna",
  "regular_price": 6.99,
  "selling_price": 6.99,
  "price_per_unit": "pro 500ml | 1L = 13.98 CHF",
  "breadcrumb": "Sortiment > Sortiment > Griechisches Olivenöl",
  "pdp_url": "https://sortiment.lidl.ch/de/griechisches-olivenoel-0200131",
  "product_description": "Artikelnr.: 200131",
  "producthierarchy_level1": "Sortiment",
  "producthierarchy_level2": "Sortiment",
  "producthierarchy_level3": "Griechisches Olivenöl",
  "producthierarchy_level4": "",
  "producthierarchy_level5": "",
  "producthierarchy_level6": "",
  "producthierarchy_level7": "",
  "currency": "Swiss franc",
  "file_name_1": "200131_1.jpg",
  "image_url_1": "https://sortiment.lidl.ch/media/amasty/amoptmobile/catalog/product/cache/38c728e59b3a47950872534eff8a1e63/2/0/200131_Greece_PSXX.jpg"
},
{
  "_id": {
    "$oid": "66f3a33cd23ade1eec55fa66"
  },
  "unique_id": "68400",
  "product_name": "Olivenöl extra vergine",
  "brand": "Primadonna",
  "regular_price": 8.95,
  "selling_price": 8.95,
  "price_per_unit": "pro 750ml | 1L = 11.94 CHF",
  "breadcrumb": "Sortiment > Sortiment > Olivenöl extra vergine",
  "pdp_url": "https://sortiment.lidl.ch/de/olivenoel-extra-vergine-0068400",
  "product_description": "Artikelnr.: 68400",
  "producthierarchy_level1": "Sortiment",
  "producthierarchy_level2": "Sortiment",
  "producthierarchy_level3": "Olivenöl extra vergine",
  "producthierarchy_level4": "",
  "producthierarchy_level5": "",
  "producthierarchy_level6": "",
  "producthierarchy_level7": "",
  "currency": "Swiss franc",
  "file_name_1": "68400_1.jpg",
  "image_url_1": "https://sortiment.lidl.ch/media/catalog/product/cache/38c728e59b3a47950872534eff8a1e63/6/8/68400_PSXX.jpg"
},
{
  "_id": {
    "$oid": "66f3a33dd23ade1eec55fa67"
  },
  "unique_id": "134736",
  "product_name": "MSC Surimi in Crevettenform",
  "brand": "nautica",
  "regular_price": 3.69,
  "selling_price": 3.69,
  "price_per_unit": "pro 320g | 100g = 1.16 CHF",
  "breadcrumb": "Sortiment > Sortiment > MSC Surimi in Crevettenform",
  "pdp_url": "https://sortiment.lidl.ch/de/msc-surimi-in-crevettenform-0134736",
  "product_description": "Artikelnr.: 134736",
  "producthierarchy_level1": "Sortiment",
  "producthierarchy_level2": "Sortiment",
  "producthierarchy_level3": "MSC Surimi in Crevettenform",
  "producthierarchy_level4": "",
  "producthierarchy_level5": "",
  "producthierarchy_level6": "",
  "producthierarchy_level7": "",
  "currency": "Swiss franc",
  "file_name_1": "134736_1.jpg",
  "image_url_1": "https://sortiment.lidl.ch/media/catalog/product/cache/38c728e59b3a47950872534eff8a1e63/1/3/134736_Lake_PSXX.jpg",
  "file_name_2": "134736_2.jpg",
  "image_url_2": "https://sortiment.lidl.ch/media/catalog/product/cache/38c728e59b3a47950872534eff8a1e63/1/3/134736_RapsKnoblauch_PSXX.jpg"
},
{
  "_id": {
    "$oid": "66f3a33fd23ade1eec55fa68"
  },
  "unique_id": "5111764",
  "product_name": "Zytglogge Mutschli",
  "brand": "Fromani",
  "regular_price": 2.99,
  "selling_price": 2.99,
  "price_per_unit": "pro 100g, ca. 230g",
  "breadcrumb": "Sortiment > Sortiment > Zytglogge Mutschli",
  "pdp_url": "https://sortiment.lidl.ch/de/zytglogge-mutschli-5111764",
  "product_description": "Artikelnr.: 5111764",
  "producthierarchy_level1": "Sortiment",
  "producthierarchy_level2": "Sortiment",
  "producthierarchy_level3": "Zytglogge Mutschli",
  "producthierarchy_level4": "",
  "producthierarchy_level5": "",
  "producthierarchy_level6": "",
  "producthierarchy_level7": "",
  "currency": "Swiss franc",
  "file_name_1": "5111764_1.jpg",
  "image_url_1": "https://sortiment.lidl.ch/media/catalog/product/cache/38c728e59b3a47950872534eff8a1e63/5/1/5111764_PSXX.jpg"
},
{
  "_id": {
    "$oid": "66f3a340d23ade1eec55fa69"
  },
  "unique_id": "6607298",
  "product_name": "Frischer Saft",
  "brand": "Solevita",
  "regular_price": 1.95,
  "selling_price": 1.95,
  "price_per_unit": "pro 500ml | 1L = 3.90 CHF",
  "breadcrumb": "Sortiment > Sortiment > Frischer Saft",
  "pdp_url": "https://sortiment.lidl.ch/de/frischer-saft-6607298",
  "product_description": "Artikelnr.: 6607298",
  "producthierarchy_level1": "Sortiment",
  "producthierarchy_level2": "Sortiment",
  "producthierarchy_level3": "Frischer Saft",
  "producthierarchy_level4": "",
  "producthierarchy_level5": "",
  "producthierarchy_level6": "",
  "producthierarchy_level7": "",
  "currency": "Swiss franc",
  "file_name_1": "6607298_1.jpg",
  "image_url_1": "https://sortiment.lidl.ch/media/catalog/product/cache/38c728e59b3a47950872534eff8a1e63/6/6/6607298_AnanasMelone_PSXX.jpg",
  "file_name_2": "6607298_2.jpg",
  "image_url_2": "https://sortiment.lidl.ch/media/catalog/product/cache/38c728e59b3a47950872534eff8a1e63/6/6/6607298_AnanasOrange_PSXX.jpg"
},
{
  "_id": {
    "$oid": "66f3a341d23ade1eec55fa6a"
  },
  "unique_id": "5010595",
  "product_name": "L. Casei Drink",
  "brand": "Milbona",
  "regular_price": 2.99,
  "selling_price": 2.99,
  "price_per_unit": "pro 10x100g",
  "breadcrumb": "Sortiment > Sortiment > L. Casei Drink",
  "pdp_url": "https://sortiment.lidl.ch/de/l-casei-drink-5010595",
  "product_description": "Artikelnr.: 5010595",
  "producthierarchy_level1": "Sortiment",
  "producthierarchy_level2": "Sortiment",
  "producthierarchy_level3": "L. Casei Drink",
  "producthierarchy_level4": "",
  "producthierarchy_level5": "",
  "producthierarchy_level6": "",
  "producthierarchy_level7": "",
  "currency": "Swiss franc",
  "file_name_1": "5010595_1.jpg",
  "image_url_1": "https://sortiment.lidl.ch/media/catalog/product/cache/38c728e59b3a47950872534eff8a1e63/5/0/5010595_Erdbeere_PSXX.jpg",
  "file_name_2": "5010595_2.jpg",
  "image_url_2": "https://sortiment.lidl.ch/media/catalog/product/cache/38c728e59b3a47950872534eff8a1e63/5/0/5010595_Multivitamin_PSXX.jpg"
},
{
  "_id": {
    "$oid": "66f3a343d23ade1eec55fa6b"
  },
  "unique_id": "139650",
  "product_name": "Cornichons",
  "brand": "Freshona",
  "regular_price": 1.69,
  "selling_price": 1.69,
  "price_per_unit": "pro 190g Abtropfgewicht | 100g = 0.89 CHF",
  "breadcrumb": "Sortiment > Sortiment > Cornichons",
  "pdp_url": "https://sortiment.lidl.ch/de/cornichons-0139650",
  "product_description": "Artikelnr.: 139650",
  "producthierarchy_level1": "Sortiment",
  "producthierarchy_level2": "Sortiment",
  "producthierarchy_level3": "Cornichons",
  "producthierarchy_level4": "",
  "producthierarchy_level5": "",
  "producthierarchy_level6": "",
  "producthierarchy_level7": "",
  "currency": "Swiss franc",
  "file_name_1": "139650_1.jpg",
  "image_url_1": "https://sortiment.lidl.ch/media/catalog/product/cache/38c728e59b3a47950872534eff8a1e63/1/3/139650_Chili_PSXX.jpg",
  "file_name_2": "139650_2.jpg",
  "image_url_2": "https://sortiment.lidl.ch/media/catalog/product/cache/38c728e59b3a47950872534eff8a1e63/1/3/139650_Classic_PSXX.jpg",
  "file_name_3": "139650_3.jpg",
  "image_url_3": "https://sortiment.lidl.ch/media/catalog/product/cache/38c728e59b3a47950872534eff8a1e63/1/3/139650_Honig_PSXX.jpg"
},
{
  "_id": {
    "$oid": "66f3a345d23ade1eec55fa6c"
  },
  "unique_id": "6016422",
  "product_name": "Casamia Fusselroller",
  "brand": "Casamia",
  "regular_price": 1.95,
  "selling_price": 1.95,
  "price_per_unit": "pro 50Blatt | 1 Stk = 0.04 CHF",
  "breadcrumb": "Sortiment > Sortiment > Casamia Fusselroller",
  "pdp_url": "https://sortiment.lidl.ch/de/casamia-fusselroller-6016422",
  "product_description": "Artikelnr.: 6016422",
  "producthierarchy_level1": "Sortiment",
  "producthierarchy_level2": "Sortiment",
  "producthierarchy_level3": "Casamia Fusselroller",
  "producthierarchy_level4": "",
  "producthierarchy_level5": "",
  "producthierarchy_level6": "",
  "producthierarchy_level7": "",
  "currency": "Swiss franc",
  "file_name_1": "6016422_1.jpg",
  "image_url_1": "https://sortiment.lidl.ch/media/catalog/product/cache/38c728e59b3a47950872534eff8a1e63/6/0/6016422_01_PSXX.jpg",
  "file_name_2": "6016422_2.jpg",
  "image_url_2": "https://sortiment.lidl.ch/media/catalog/product/cache/38c728e59b3a47950872534eff8a1e63/6/0/6016422_02_PSXX.jpg",
  "file_name_3": "6016422_3.jpg",
  "image_url_3": "https://sortiment.lidl.ch/media/catalog/product/cache/38c728e59b3a47950872534eff8a1e63/6/0/6016422_Kolli_PSXX.jpg"
},
{
  "_id": {
    "$oid": "66f3a346d23ade1eec55fa6d"
  },
  "unique_id": "5111823",
  "product_name": "Lay's Chips Red Paprika",
  "brand": "Lay's",
  "regular_price": 3.59,
  "selling_price": 3.59,
  "price_per_unit": "pro 150g | 100g = 2.40 CHF",
  "breadcrumb": "Sortiment > Sortiment > Lay's Chips Red Paprika",
  "pdp_url": "https://sortiment.lidl.ch/de/lay-s-chips-red-paprika-5111823",
  "product_description": "Artikelnr.: 5111823",
  "producthierarchy_level1": "Sortiment",
  "producthierarchy_level2": "Sortiment",
  "producthierarchy_level3": "Lay's Chips Red Paprika",
  "producthierarchy_level4": "",
  "producthierarchy_level5": "",
  "producthierarchy_level6": "",
  "producthierarchy_level7": "",
  "currency": "Swiss franc",
  "file_name_1": "5111823_1.jpg",
  "image_url_1": "https://sortiment.lidl.ch/media/catalog/product/cache/38c728e59b3a47950872534eff8a1e63/5/1/5111823_PSXX.jpg"
},
{
  "_id": {
    "$oid": "66f3a348d23ade1eec55fa6e"
  },
  "unique_id": "182565",
  "product_name": "Allzweckreiniger Konzentrat",
  "brand": "W5",
  "regular_price": 1.25,
  "selling_price": 1.25,
  "price_per_unit": "pro 1l",
  "breadcrumb": "Sortiment > Sortiment > Allzweckreiniger Konzentrat",
  "pdp_url": "https://sortiment.lidl.ch/de/allzweckreiniger-konzentrat-0182565",
  "product_description": "Artikelnr.: 182565",
  "producthierarchy_level1": "Sortiment",
  "producthierarchy_level2": "Sortiment",
  "producthierarchy_level3": "Allzweckreiniger Konzentrat",
  "producthierarchy_level4": "",
  "producthierarchy_level5": "",
  "producthierarchy_level6": "",
  "producthierarchy_level7": "",
  "currency": "Swiss franc",
  "file_name_1": "182565_1.jpg",
  "image_url_1": "https://sortiment.lidl.ch/media/catalog/product/cache/38c728e59b3a47950872534eff8a1e63/1/8/182565_Fruehling_PSXX.jpg",
  "file_name_2": "182565_2.jpg",
  "image_url_2": "https://sortiment.lidl.ch/media/catalog/product/cache/38c728e59b3a47950872534eff8a1e63/1/8/182565_PSXX.jpg",
  "file_name_3": "182565_3.jpg",
  "image_url_3": "https://sortiment.lidl.ch/media/catalog/product/cache/38c728e59b3a47950872534eff8a1e63/1/8/182565_Zitrone_PSXX.jpg"
},
{
  "_id": {
    "$oid": "66f3a349d23ade1eec55fa6f"
  },
  "unique_id": "5107901",
  "product_name": "Speckwürfeli light",
  "brand": "Maestade",
  "regular_price": 3.59,
  "selling_price": 3.59,
  "price_per_unit": "pro 2x70g | 100g = 2.57 CHF",
  "breadcrumb": "Sortiment > Sortiment > Speckwürfeli light",
  "pdp_url": "https://sortiment.lidl.ch/de/speckwuerfeli-light-5107901",
  "product_description": "Artikelnr.: 5107901",
  "producthierarchy_level1": "Sortiment",
  "producthierarchy_level2": "Sortiment",
  "producthierarchy_level3": "Speckwürfeli light",
  "producthierarchy_level4": "",
  "producthierarchy_level5": "",
  "producthierarchy_level6": "",
  "producthierarchy_level7": "",
  "currency": "Swiss franc",
  "file_name_1": "5107901_1.jpg",
  "image_url_1": "https://sortiment.lidl.ch/media/catalog/product/cache/38c728e59b3a47950872534eff8a1e63/5/1/5107901_FKBF.jpg",
  "file_name_2": "5107901_2.jpg",
  "image_url_2": "https://sortiment.lidl.ch/media/catalog/product/cache/38c728e59b3a47950872534eff8a1e63/5/1/5107901_PSXX.jpg"
},
{
  "_id": {
    "$oid": "66f3a34bd23ade1eec55fa70"
  },
  "unique_id": "5111687",
  "product_name": "Findus Schlemmerfilet Bordelaise MSC",
  "brand": "Findus",
  "regular_price": 9.29,
  "selling_price": 9.29,
  "price_per_unit": "pro 380g | 100g = 2.45 CHF",
  "breadcrumb": "Sortiment > Sortiment > Findus Schlemmerfilet Bordelaise MSC",
  "pdp_url": "https://sortiment.lidl.ch/de/findus-schlemmerfilet-bordelaise-msc-5111687",
  "product_description": "Artikelnr.: 5111687",
  "producthierarchy_level1": "Sortiment",
  "producthierarchy_level2": "Sortiment",
  "producthierarchy_level3": "Findus Schlemmerfilet Bordelaise MSC",
  "producthierarchy_level4": "",
  "producthierarchy_level5": "",
  "producthierarchy_level6": "",
  "producthierarchy_level7": "",
  "currency": "Swiss franc",
  "file_name_1": "5111687_1.jpg",
  "image_url_1": "https://sortiment.lidl.ch/media/catalog/product/cache/38c728e59b3a47950872534eff8a1e63/5/1/5111687_PSXX.jpg"
},
{
  "_id": {
    "$oid": "66f3a34cd23ade1eec55fa71"
  },
  "unique_id": "80170",
  "product_name": "Zitronen 500g",
  "brand": "",
  "regular_price": 0.95,
  "selling_price": 0.95,
  "price_per_unit": "pro 500g | 1Kg = 1.90 CHF",
  "breadcrumb": "Sortiment > Sortiment > Zitronen 500g",
  "pdp_url": "https://sortiment.lidl.ch/de/zitronen-500g-0080170",
  "product_description": "Artikelnr.: 80170",
  "producthierarchy_level1": "Sortiment",
  "producthierarchy_level2": "Sortiment",
  "producthierarchy_level3": "Zitronen 500g",
  "producthierarchy_level4": "",
  "producthierarchy_level5": "",
  "producthierarchy_level6": "",
  "producthierarchy_level7": "",
  "currency": "Swiss franc",
  "file_name_1": "80170_1.jpg",
  "image_url_1": "https://sortiment.lidl.ch/media/catalog/product/cache/38c728e59b3a47950872534eff8a1e63/8/0/80170_OGAX.jpg",
  "file_name_2": "80170_2.jpg",
  "image_url_2": "https://sortiment.lidl.ch/media/catalog/product/cache/38c728e59b3a47950872534eff8a1e63/8/0/80170_PSXX.jpg"
},
{
  "_id": {
    "$oid": "66f3a34dd23ade1eec55fa72"
  },
  "unique_id": "109155",
  "product_name": "Bio Langkornreis",
  "brand": "Golden Sun",
  "regular_price": 1.49,
  "selling_price": 1.49,
  "price_per_unit": "pro 500g | 100g = 0.30 CHF",
  "breadcrumb": "Sortiment > Sortiment > Bio Langkornreis",
  "pdp_url": "https://sortiment.lidl.ch/de/bio-langkornreis-0109155",
  "product_description": "Artikelnr.: 109155",
  "producthierarchy_level1": "Sortiment",
  "producthierarchy_level2": "Sortiment",
  "producthierarchy_level3": "Bio Langkornreis",
  "producthierarchy_level4": "",
  "producthierarchy_level5": "",
  "producthierarchy_level6": "",
  "producthierarchy_level7": "",
  "currency": "Swiss franc",
  "file_name_1": "109155_1.jpg",
  "image_url_1": "https://sortiment.lidl.ch/media/catalog/product/cache/38c728e59b3a47950872534eff8a1e63/1/0/109155_Langkorn_PSXX.jpg",
  "file_name_2": "109155_2.jpg",
  "image_url_2": "https://sortiment.lidl.ch/media/catalog/product/cache/38c728e59b3a47950872534eff8a1e63/1/0/109155_Natur_PSXX.jpg"
},
{
  "_id": {
    "$oid": "66f3a34ed23ade1eec55fa73"
  },
  "unique_id": "83223",
  "product_name": "Kartoffeln 1.5kg",
  "brand": "Terra Natura",
  "regular_price": 2.19,
  "selling_price": 1.69,
  "price_per_unit": "pro 1,5kg | 1Kg = 1.13 CHF | LP 1kg = 1.06 CHF",
  "breadcrumb": "Sortiment > Sortiment > Kartoffeln 1.5kg",
  "pdp_url": "https://sortiment.lidl.ch/de/kartoffeln-1-5kg-0083223",
  "product_description": "Artikelnr.: 83223",
  "producthierarchy_level1": "Sortiment",
  "producthierarchy_level2": "Sortiment",
  "producthierarchy_level3": "Kartoffeln 1.5kg",
  "producthierarchy_level4": "",
  "producthierarchy_level5": "",
  "producthierarchy_level6": "",
  "producthierarchy_level7": "",
  "currency": "Swiss franc",
  "file_name_1": "83223_1.jpg",
  "image_url_1": "https://sortiment.lidl.ch/media/catalog/product/cache/38c728e59b3a47950872534eff8a1e63/8/3/83223_OGAX.jpg"
},
{
  "_id": {
    "$oid": "66f3a350d23ade1eec55fa74"
  },
  "unique_id": "1034",
  "product_name": "Cointreau",
  "brand": "",
  "regular_price": 29.95,
  "selling_price": 29.95,
  "price_per_unit": "pro 0,7l | 1L = 42.79 CHF",
  "breadcrumb": "Sortiment > Sortiment > Cointreau",
  "pdp_url": "https://sortiment.lidl.ch/de/cointreau-0001034",
  "product_description": "Artikelnr.: 1034",
  "producthierarchy_level1": "Sortiment",
  "producthierarchy_level2": "Sortiment",
  "producthierarchy_level3": "Cointreau",
  "producthierarchy_level4": "",
  "producthierarchy_level5": "",
  "producthierarchy_level6": "",
  "producthierarchy_level7": "",
  "currency": "Swiss franc",
  "file_name_1": "1034_1.jpg",
  "image_url_1": "https://sortiment.lidl.ch/media/catalog/product/cache/38c728e59b3a47950872534eff8a1e63/1/0/1034_PSXX.jpg"
},
{
  "_id": {
    "$oid": "66f3a351d23ade1eec55fa75"
  },
  "unique_id": "5110569",
  "product_name": "Rindshackfleisch",
  "brand": "Bonvalle",
  "regular_price": 5.99,
  "selling_price": 5.99,
  "price_per_unit": "pro 500g | 100g = 1.20 CHF",
  "breadcrumb": "Sortiment > Sortiment > Rindshackfleisch",
  "pdp_url": "https://sortiment.lidl.ch/de/rindshackfleisch-5110569",
  "product_description": "Artikelnr.: 5110569",
  "producthierarchy_level1": "Sortiment",
  "producthierarchy_level2": "Sortiment",
  "producthierarchy_level3": "Rindshackfleisch",
  "producthierarchy_level4": "",
  "producthierarchy_level5": "",
  "producthierarchy_level6": "",
  "producthierarchy_level7": "",
  "currency": "Swiss franc",
  "file_name_1": "5110569_1.jpg",
  "image_url_1": "https://sortiment.lidl.ch/media/catalog/product/cache/38c728e59b3a47950872534eff8a1e63/5/1/5110569_FKBF.jpg",
  "file_name_2": "5110569_2.jpg",
  "image_url_2": "https://sortiment.lidl.ch/media/catalog/product/cache/38c728e59b3a47950872534eff8a1e63/5/1/5110569_PSXX.jpg"
},
{
  "_id": {
    "$oid": "66f3a352d23ade1eec55fa76"
  },
  "unique_id": "1800209",
  "product_name": "Always Slipeinlagen",
  "brand": "Always",
  "regular_price": 4.55,
  "selling_price": 4.55,
  "price_per_unit": "pro 54-76 Stk. | 1 Stk = 0.09 bis 0.06",
  "breadcrumb": "Sortiment > Sortiment > Always Slipeinlagen",
  "pdp_url": "https://sortiment.lidl.ch/de/always-slipeinlagen-1800209",
  "product_description": "Artikelnr.: 1800209",
  "producthierarchy_level1": "Sortiment",
  "producthierarchy_level2": "Sortiment",
  "producthierarchy_level3": "Always Slipeinlagen",
  "producthierarchy_level4": "",
  "producthierarchy_level5": "",
  "producthierarchy_level6": "",
  "producthierarchy_level7": "",
  "currency": "Swiss franc",
  "file_name_1": "1800209_1.jpg",
  "image_url_1": "https://sortiment.lidl.ch/media/amasty/amoptmobile/catalog/product/cache/38c728e59b3a47950872534eff8a1e63/1/8/1800209_DailyFreshFelxNormal_PSXX.jpg",
  "file_name_2": "1800209_2.jpg",
  "image_url_2": "https://sortiment.lidl.ch/media/catalog/product/cache/38c728e59b3a47950872534eff8a1e63/1/8/1800209_DailyFreshNormal_PSXX.jpg",
  "file_name_3": "1800209_3.jpg",
  "image_url_3": "https://sortiment.lidl.ch/media/catalog/product/cache/38c728e59b3a47950872534eff8a1e63/1/8/1800209_DailyProtectExtraLong_PSXX.jpg",
  "file_name_4": "1800209_4.jpg",
  "image_url_4": "https://sortiment.lidl.ch/media/catalog/product/cache/38c728e59b3a47950872534eff8a1e63/1/8/1800209_DailyProtectLongODuft_PSXX.jpg"
},
{
  "_id": {
    "$oid": "66f3a353d23ade1eec55fa77"
  },
  "unique_id": "1800208",
  "product_name": "Always Damenbinden Ultra",
  "brand": "Always",
  "regular_price": 6.89,
  "selling_price": 6.89,
  "price_per_unit": "pro 24, 28, 32, 38 Stk. | 1 Stk = 0.29 bis 0.19",
  "breadcrumb": "Sortiment > Sortiment > Always Damenbinden Ultra",
  "pdp_url": "https://sortiment.lidl.ch/de/always-damenbinden-ultra-1800208",
  "product_description": "Artikelnr.: 1800208",
  "producthierarchy_level1": "Sortiment",
  "producthierarchy_level2": "Sortiment",
  "producthierarchy_level3": "Always Damenbinden Ultra",
  "producthierarchy_level4": "",
  "producthierarchy_level5": "",
  "producthierarchy_level6": "",
  "producthierarchy_level7": "",
  "currency": "Swiss franc",
  "file_name_1": "1800208_1.jpg",
  "image_url_1": "https://sortiment.lidl.ch/media/catalog/product/cache/38c728e59b3a47950872534eff8a1e63/1/8/1800208_24Stk_PSXX.jpg",
  "file_name_2": "1800208_2.jpg",
  "image_url_2": "https://sortiment.lidl.ch/media/catalog/product/cache/38c728e59b3a47950872534eff8a1e63/1/8/1800208_28Stk_PSXX.jpg",
  "file_name_3": "1800208_3.jpg",
  "image_url_3": "https://sortiment.lidl.ch/media/catalog/product/cache/38c728e59b3a47950872534eff8a1e63/1/8/1800208_32Stk_PSXX.jpg",
  "file_name_4": "1800208_4.jpg",
  "image_url_4": "https://sortiment.lidl.ch/media/catalog/product/cache/38c728e59b3a47950872534eff8a1e63/1/8/1800208_38Stk_PSXX.jpg"
},
{
  "_id": {
    "$oid": "66f3a355d23ade1eec55fa78"
  },
  "unique_id": "1800195",
  "product_name": "Fairy Handgeschirr Spülmittel",
  "brand": "Fairy",
  "regular_price": 5.49,
  "selling_price": 5.49,
  "price_per_unit": "pro 900ml | 1L = 6.10 CHF",
  "breadcrumb": "Sortiment > Sortiment > Fairy Handgeschirr Spülmittel",
  "pdp_url": "https://sortiment.lidl.ch/de/fairy-handgeschirr-spuelmittel-1800195",
  "product_description": "Artikelnr.: 1800195",
  "producthierarchy_level1": "Sortiment",
  "producthierarchy_level2": "Sortiment",
  "producthierarchy_level3": "Fairy Handgeschirr Spülmittel",
  "producthierarchy_level4": "",
  "producthierarchy_level5": "",
  "producthierarchy_level6": "",
  "producthierarchy_level7": "",
  "currency": "Swiss franc",
  "file_name_1": "1800195_1.jpg",
  "image_url_1": "https://sortiment.lidl.ch/media/catalog/product/cache/38c728e59b3a47950872534eff8a1e63/1/8/1800195_PSXX.jpg"
},
{
  "_id": {
    "$oid": "66f3a356d23ade1eec55fa79"
  },
  "unique_id": "1800199",
  "product_name": "Ariel Flüssigwaschmittel Universal",
  "brand": "Ariel",
  "regular_price": 19.99,
  "selling_price": 19.99,
  "price_per_unit": "pro 2l | 1L = 10.00 CHF",
  "breadcrumb": "Sortiment > Sortiment > Ariel Flüssigwaschmittel Universal",
  "pdp_url": "https://sortiment.lidl.ch/de/ariel-fluessigwaschmittel-universal-1800199",
  "product_description": "Artikelnr.: 1800199",
  "producthierarchy_level1": "Sortiment",
  "producthierarchy_level2": "Sortiment",
  "producthierarchy_level3": "Ariel Flüssigwaschmittel Universal",
  "producthierarchy_level4": "",
  "producthierarchy_level5": "",
  "producthierarchy_level6": "",
  "producthierarchy_level7": "",
  "currency": "Swiss franc",
  "file_name_1": "1800199_1.jpg",
  "image_url_1": "https://sortiment.lidl.ch/media/amasty/amoptmobile/catalog/product/cache/38c728e59b3a47950872534eff8a1e63/1/8/1800199_PSXX.jpg"
},
{
  "_id": {
    "$oid": "66f3a358d23ade1eec55fa7a"
  },
  "unique_id": "1800198",
  "product_name": "Ariel Flüssigwaschmittel Color",
  "brand": "Ariel",
  "regular_price": 19.99,
  "selling_price": 19.99,
  "price_per_unit": "pro 2l | 1L = 10.00 CHF",
  "breadcrumb": "Sortiment > Sortiment > Ariel Flüssigwaschmittel Color",
  "pdp_url": "https://sortiment.lidl.ch/de/ariel-fluessigwaschmittel-color-1800198",
  "product_description": "Artikelnr.: 1800198",
  "producthierarchy_level1": "Sortiment",
  "producthierarchy_level2": "Sortiment",
  "producthierarchy_level3": "Ariel Flüssigwaschmittel Color",
  "producthierarchy_level4": "",
  "producthierarchy_level5": "",
  "producthierarchy_level6": "",
  "producthierarchy_level7": "",
  "currency": "Swiss franc",
  "file_name_1": "1800198_1.jpg",
  "image_url_1": "https://sortiment.lidl.ch/media/catalog/product/cache/38c728e59b3a47950872534eff8a1e63/1/8/1800198_Color_PSXX.jpg"
},
{
  "_id": {
    "$oid": "66f3a359d23ade1eec55fa7b"
  },
  "unique_id": "1800196",
  "product_name": "Lenor Weichspüler Parfumelle",
  "brand": "Lenor",
  "regular_price": 8.89,
  "selling_price": 8.89,
  "price_per_unit": "pro 1.4l | 1L = 6.35 CHF",
  "breadcrumb": "Sortiment > Sortiment > Lenor Weichspüler Parfumelle",
  "pdp_url": "https://sortiment.lidl.ch/de/lenor-weichspueler-parfumelle-1800196",
  "product_description": "Artikelnr.: 1800196",
  "producthierarchy_level1": "Sortiment",
  "producthierarchy_level2": "Sortiment",
  "producthierarchy_level3": "Lenor Weichspüler Parfumelle",
  "producthierarchy_level4": "",
  "producthierarchy_level5": "",
  "producthierarchy_level6": "",
  "producthierarchy_level7": "",
  "currency": "Swiss franc",
  "file_name_1": "1800196_1.jpg",
  "image_url_1": "https://sortiment.lidl.ch/media/catalog/product/cache/38c728e59b3a47950872534eff8a1e63/1/8/1800196_OrchideeVanille_PSXX.jpg",
  "file_name_2": "1800196_2.jpg",
  "image_url_2": "https://sortiment.lidl.ch/media/catalog/product/cache/38c728e59b3a47950872534eff8a1e63/1/8/1800196_PSXX.jpg"
},
{
  "_id": {
    "$oid": "66f3a35bd23ade1eec55fa7c"
  },
  "unique_id": "1800205",
  "product_name": "Pantene Shampoo",
  "brand": "Pantene",
  "regular_price": 6.99,
  "selling_price": 6.99,
  "price_per_unit": "pro 500ml | 100ML = 1.40 CHF",
  "breadcrumb": "Sortiment > Sortiment > Pantene Shampoo",
  "pdp_url": "https://sortiment.lidl.ch/de/pantene-shampoo-1800205",
  "product_description": "Artikelnr.: 1800205",
  "producthierarchy_level1": "Sortiment",
  "producthierarchy_level2": "Sortiment",
  "producthierarchy_level3": "Pantene Shampoo",
  "producthierarchy_level4": "",
  "producthierarchy_level5": "",
  "producthierarchy_level6": "",
  "producthierarchy_level7": "",
  "currency": "Swiss franc",
  "file_name_1": "1800205_1.jpg",
  "image_url_1": "https://sortiment.lidl.ch/media/catalog/product/cache/38c728e59b3a47950872534eff8a1e63/1/8/1800205_RepairCare_Shampoo_PSXX.jpg"
},
{
  "_id": {
    "$oid": "66f3a35cd23ade1eec55fa7d"
  },
  "unique_id": "1800204",
  "product_name": "Pantene Shampoo Repair&Care, Volum",
  "brand": "Pantene",
  "regular_price": 6.99,
  "selling_price": 6.99,
  "price_per_unit": "pro 360ml | 100ML = 1.95 CHF",
  "breadcrumb": "Sortiment > Sortiment > Pantene Shampoo Repair&Care, Volum",
  "pdp_url": "https://sortiment.lidl.ch/de/pantene-shampoo-repair-care-volum-1800204",
  "product_description": "Artikelnr.: 1800204",
  "producthierarchy_level1": "Sortiment",
  "producthierarchy_level2": "Sortiment",
  "producthierarchy_level3": "Pantene Shampoo Repair&Care, Volum",
  "producthierarchy_level4": "",
  "producthierarchy_level5": "",
  "producthierarchy_level6": "",
  "producthierarchy_level7": "",
  "currency": "Swiss franc",
  "file_name_1": "1800204_1.jpg",
  "image_url_1": "https://sortiment.lidl.ch/media/catalog/product/cache/38c728e59b3a47950872534eff8a1e63/1/8/1800204_RepairCare_Pflege_PSXX.jpg",
  "file_name_2": "1800204_2.jpg",
  "image_url_2": "https://sortiment.lidl.ch/media/catalog/product/cache/38c728e59b3a47950872534eff8a1e63/1/8/1800204_VolumenPur_Pflege_PSXX.jpg",
  "file_name_3": "1800204_3.jpg",
  "image_url_3": "https://sortiment.lidl.ch/media/catalog/product/cache/38c728e59b3a47950872534eff8a1e63/1/8/1800204_VolumenPur_Shampoo_PSXX.jpg"
},
{
  "_id": {
    "$oid": "66f3a35ed23ade1eec55fa7e"
  },
  "unique_id": "5111762",
  "product_name": "Urchige Bärner",
  "brand": "Fromani",
  "regular_price": 4.99,
  "selling_price": 3.99,
  "price_per_unit": "pro 150g | 100g = 2.66 CHF",
  "breadcrumb": "Sortiment > Sortiment > Urchige Bärner",
  "pdp_url": "https://sortiment.lidl.ch/de/urchige-baerner-5111762",
  "product_description": "Artikelnr.: 5111762",
  "producthierarchy_level1": "Sortiment",
  "producthierarchy_level2": "Sortiment",
  "producthierarchy_level3": "Urchige Bärner",
  "producthierarchy_level4": "",
  "producthierarchy_level5": "",
  "producthierarchy_level6": "",
  "producthierarchy_level7": "",
  "currency": "Swiss franc",
  "file_name_1": "5111762_1.jpg",
  "image_url_1": "https://sortiment.lidl.ch/media/catalog/product/cache/38c728e59b3a47950872534eff8a1e63/5/1/5111762_FKBF.jpg",
  "file_name_2": "5111762_2.jpg",
  "image_url_2": "https://sortiment.lidl.ch/media/catalog/product/cache/38c728e59b3a47950872534eff8a1e63/5/1/5111762_PSXX.jpg"
},
{
  "_id": {
    "$oid": "66f3a360d23ade1eec55fa7f"
  },
  "unique_id": "192886",
  "product_name": "Cesar Hundenahrung nass",
  "brand": "Cesar",
  "regular_price": 9.99,
  "selling_price": 9.99,
  "price_per_unit": "pro 8x150g | 100g = 0.84 CHF",
  "breadcrumb": "Sortiment > Sortiment > Cesar Hundenahrung nass",
  "pdp_url": "https://sortiment.lidl.ch/de/cesar-hundenahrung-nass-0192886",
  "product_description": "Artikelnr.: 192886",
  "producthierarchy_level1": "Sortiment",
  "producthierarchy_level2": "Sortiment",
  "producthierarchy_level3": "Cesar Hundenahrung nass",
  "producthierarchy_level4": "",
  "producthierarchy_level5": "",
  "producthierarchy_level6": "",
  "producthierarchy_level7": "",
  "currency": "Swiss franc",
  "file_name_1": "192886_1.jpg",
  "image_url_1": "https://sortiment.lidl.ch/media/catalog/product/cache/38c728e59b3a47950872534eff8a1e63/1/9/192886_KlassikTerrine_PSXX.jpg",
  "file_name_2": "192886_2.jpg",
  "image_url_2": "https://sortiment.lidl.ch/media/catalog/product/cache/38c728e59b3a47950872534eff8a1e63/1/9/192886_Landragout_PSXX.jpg"
},
{
  "_id": {
    "$oid": "66f3a361d23ade1eec55fa80"
  },
  "unique_id": "190358",
  "product_name": "Soja Cuisine Bio",
  "brand": "Vemondo",
  "regular_price": 0.89,
  "selling_price": 0.89,
  "price_per_unit": "pro 200ml | 1L = 4.45 CHF",
  "breadcrumb": "Sortiment > Sortiment > Soja Cuisine Bio",
  "pdp_url": "https://sortiment.lidl.ch/de/soja-cuisine-bio-0190358",
  "product_description": "Artikelnr.: 190358",
  "producthierarchy_level1": "Sortiment",
  "producthierarchy_level2": "Sortiment",
  "producthierarchy_level3": "Soja Cuisine Bio",
  "producthierarchy_level4": "",
  "producthierarchy_level5": "",
  "producthierarchy_level6": "",
  "producthierarchy_level7": "",
  "currency": "Swiss franc",
  "file_name_1": "190358_1.jpg",
  "image_url_1": "https://sortiment.lidl.ch/media/amasty/amoptmobile/catalog/product/cache/38c728e59b3a47950872534eff8a1e63/1/9/190358_PSXX.jpg"
},
{
  "_id": {
    "$oid": "66f3a362d23ade1eec55fa81"
  },
  "unique_id": "5106364",
  "product_name": "Findus Plätzli Bolognese",
  "brand": "Findus",
  "regular_price": 8.39,
  "selling_price": 8.39,
  "price_per_unit": "pro 480g | 100g = 1.75 CHF",
  "breadcrumb": "Sortiment > Sortiment > Findus Plätzli Bolognese",
  "pdp_url": "https://sortiment.lidl.ch/de/findus-plaetzli-bolognese-5106364",
  "product_description": "Artikelnr.: 5106364",
  "producthierarchy_level1": "Sortiment",
  "producthierarchy_level2": "Sortiment",
  "producthierarchy_level3": "Findus Plätzli Bolognese",
  "producthierarchy_level4": "",
  "producthierarchy_level5": "",
  "producthierarchy_level6": "",
  "producthierarchy_level7": "",
  "currency": "Swiss franc",
  "file_name_1": "5106364_1.jpg",
  "image_url_1": "https://sortiment.lidl.ch/media/catalog/product/cache/38c728e59b3a47950872534eff8a1e63/5/1/5106364_PSXX.jpg"
},
{
  "_id": {
    "$oid": "66f3a363d23ade1eec55fa82"
  },
  "unique_id": "163933",
  "product_name": "Vitaminwasser",
  "brand": "Saskia",
  "regular_price": 0.69,
  "selling_price": 0.69,
  "price_per_unit": "pro 0,5l | 1L = 1.38 CHF",
  "breadcrumb": "Sortiment > Sortiment > Vitaminwasser",
  "pdp_url": "https://sortiment.lidl.ch/de/vitaminwasser-0163933",
  "product_description": "Artikelnr.: 163933",
  "producthierarchy_level1": "Sortiment",
  "producthierarchy_level2": "Sortiment",
  "producthierarchy_level3": "Vitaminwasser",
  "producthierarchy_level4": "",
  "producthierarchy_level5": "",
  "producthierarchy_level6": "",
  "producthierarchy_level7": "",
  "currency": "Swiss franc",
  "file_name_1": "163933_1.jpg",
  "image_url_1": "https://sortiment.lidl.ch/media/catalog/product/cache/38c728e59b3a47950872534eff8a1e63/1/6/163933_Balance_PSXX.jpg",
  "file_name_2": "163933_2.jpg",
  "image_url_2": "https://sortiment.lidl.ch/media/catalog/product/cache/38c728e59b3a47950872534eff8a1e63/1/6/163933_VitC_PSXX.jpg",
  "file_name_3": "163933_3.jpg",
  "image_url_3": "https://sortiment.lidl.ch/media/catalog/product/cache/38c728e59b3a47950872534eff8a1e63/1/6/163933_VitEB12_PSXX.jpg"
},
{
  "_id": {
    "$oid": "66f3a365d23ade1eec55fa83"
  },
  "unique_id": "182061",
  "product_name": "Vitamin A-Zink / Vitamin A-Zink 50+",
  "brand": "Optisana",
  "regular_price": 4.79,
  "selling_price": 4.79,
  "price_per_unit": "pro 60 Stück | 1 Stk = 0.08 CHF",
  "breadcrumb": "Sortiment > Sortiment > Vitamin A-Zink / Vitamin A-Zink 50+",
  "pdp_url": "https://sortiment.lidl.ch/de/vitamin-a-zink-vitamin-a-zink-50-0182061",
  "product_description": "Artikelnr.: 182061",
  "producthierarchy_level1": "Sortiment",
  "producthierarchy_level2": "Sortiment",
  "producthierarchy_level3": "Vitamin A-Zink / Vitamin A-Zink 50+",
  "producthierarchy_level4": "",
  "producthierarchy_level5": "",
  "producthierarchy_level6": "",
  "producthierarchy_level7": "",
  "currency": "Swiss franc",
  "file_name_1": "182061_1.jpg",
  "image_url_1": "https://sortiment.lidl.ch/media/catalog/product/cache/38c728e59b3a47950872534eff8a1e63/1/8/182061_Zink_50Plus_PSXX.jpg",
  "file_name_2": "182061_2.jpg",
  "image_url_2": "https://sortiment.lidl.ch/media/catalog/product/cache/38c728e59b3a47950872534eff8a1e63/1/8/182061_Zink_PSXX.jpg"
},
{
  "_id": {
    "$oid": "66f3a367d23ade1eec55fa84"
  },
  "unique_id": "187131",
  "product_name": "ÖMÜR Böreklik",
  "brand": "",
  "regular_price": 5.99,
  "selling_price": 5.99,
  "price_per_unit": "pro 800g | 100g = 0.75 CHF",
  "breadcrumb": "Sortiment > Sortiment > ÖMÜR Böreklik",
  "pdp_url": "https://sortiment.lidl.ch/de/oemuer-boereklik-0187131",
  "product_description": "Artikelnr.: 187131",
  "producthierarchy_level1": "Sortiment",
  "producthierarchy_level2": "Sortiment",
  "producthierarchy_level3": "ÖMÜR Böreklik",
  "producthierarchy_level4": "",
  "producthierarchy_level5": "",
  "producthierarchy_level6": "",
  "producthierarchy_level7": "",
  "currency": "Swiss franc",
  "file_name_1": "187131_1.jpg",
  "image_url_1": "https://sortiment.lidl.ch/media/catalog/product/cache/38c728e59b3a47950872534eff8a1e63/1/8/187131_Boereklik_PSXX.jpg",
  "file_name_2": "187131_2.jpg",
  "image_url_2": "https://sortiment.lidl.ch/media/catalog/product/cache/38c728e59b3a47950872534eff8a1e63/1/8/187131_PSXX.jpg"
},
{
  "_id": {
    "$oid": "66f3a368d23ade1eec55fa85"
  },
  "unique_id": "169868",
  "product_name": "Mandeln gestiftet",
  "brand": "Belbake",
  "regular_price": 3.69,
  "selling_price": 3.69,
  "price_per_unit": "pro 200g | 100g = 1.85 CHF",
  "breadcrumb": "Sortiment > Sortiment > Mandeln gestiftet",
  "pdp_url": "https://sortiment.lidl.ch/de/mandeln-gestiftet-0169868",
  "product_description": "Artikelnr.: 169868",
  "producthierarchy_level1": "Sortiment",
  "producthierarchy_level2": "Sortiment",
  "producthierarchy_level3": "Mandeln gestiftet",
  "producthierarchy_level4": "",
  "producthierarchy_level5": "",
  "producthierarchy_level6": "",
  "producthierarchy_level7": "",
  "currency": "Swiss franc",
  "file_name_1": "169868_1.jpg",
  "image_url_1": "https://sortiment.lidl.ch/media/catalog/product/cache/38c728e59b3a47950872534eff8a1e63/1/6/169868_PSXX.jpg"
},
{
  "_id": {
    "$oid": "66f3a369d23ade1eec55fa86"
  },
  "unique_id": "5111322",
  "product_name": "UrDinkel-Mehl",
  "brand": "",
  "regular_price": 3.79,
  "selling_price": 3.79,
  "price_per_unit": "pro 1kg",
  "breadcrumb": "Sortiment > Sortiment > UrDinkel-Mehl",
  "pdp_url": "https://sortiment.lidl.ch/de/urdinkel-mehl-5111322",
  "product_description": "Artikelnr.: 5111322",
  "producthierarchy_level1": "Sortiment",
  "producthierarchy_level2": "Sortiment",
  "producthierarchy_level3": "UrDinkel-Mehl",
  "producthierarchy_level4": "",
  "producthierarchy_level5": "",
  "producthierarchy_level6": "",
  "producthierarchy_level7": "",
  "currency": "Swiss franc",
  "file_name_1": "5111322_1.jpg",
  "image_url_1": "https://sortiment.lidl.ch/media/catalog/product/cache/38c728e59b3a47950872534eff8a1e63/5/1/5111322_PSXX.jpg"
},
{
  "_id": {
    "$oid": "66f3a36ad23ade1eec55fa87"
  },
  "unique_id": "162590",
  "product_name": "Instant Kaffee Gold",
  "brand": "Bellarom",
  "regular_price": 4.89,
  "selling_price": 4.89,
  "price_per_unit": "pro 200g | 100g = 2.45 CHF",
  "breadcrumb": "Sortiment > Sortiment > Instant Kaffee Gold",
  "pdp_url": "https://sortiment.lidl.ch/de/instant-kaffee-gold-0162590",
  "product_description": "Artikelnr.: 162590",
  "producthierarchy_level1": "Sortiment",
  "producthierarchy_level2": "Sortiment",
  "producthierarchy_level3": "Instant Kaffee Gold",
  "producthierarchy_level4": "",
  "producthierarchy_level5": "",
  "producthierarchy_level6": "",
  "producthierarchy_level7": "",
  "currency": "Swiss franc",
  "file_name_1": "162590_1.jpg",
  "image_url_1": "https://sortiment.lidl.ch/media/catalog/product/cache/38c728e59b3a47950872534eff8a1e63/1/6/162590_Kolli_PSXX.jpg",
  "file_name_2": "162590_2.jpg",
  "image_url_2": "https://sortiment.lidl.ch/media/catalog/product/cache/38c728e59b3a47950872534eff8a1e63/1/6/162590_PSXX.jpg"
},
{
  "_id": {
    "$oid": "66f3a36bd23ade1eec55fa88"
  },
  "unique_id": "188521",
  "product_name": "Duschgel",
  "brand": "Cien",
  "regular_price": 0.85,
  "selling_price": 0.85,
  "price_per_unit": "pro 400ml | 100ML = 0.22 CHF",
  "breadcrumb": "Sortiment > Sortiment > Duschgel",
  "pdp_url": "https://sortiment.lidl.ch/de/duschgel-0188521",
  "product_description": "Artikelnr.: 188521",
  "producthierarchy_level1": "Sortiment",
  "producthierarchy_level2": "Sortiment",
  "producthierarchy_level3": "Duschgel",
  "producthierarchy_level4": "",
  "producthierarchy_level5": "",
  "producthierarchy_level6": "",
  "producthierarchy_level7": "",
  "currency": "Swiss franc",
  "file_name_1": "188521_1.jpg",
  "image_url_1": "https://sortiment.lidl.ch/media/catalog/product/cache/38c728e59b3a47950872534eff8a1e63/1/8/188521_Blumenwunder_PSXX.jpg",
  "file_name_2": "188521_2.jpg",
  "image_url_2": "https://sortiment.lidl.ch/media/catalog/product/cache/38c728e59b3a47950872534eff8a1e63/1/8/188521_LimetteMinze_PSXX.jpg",
  "file_name_3": "188521_3.jpg",
  "image_url_3": "https://sortiment.lidl.ch/media/catalog/product/cache/38c728e59b3a47950872534eff8a1e63/1/8/188521_PureFrische_PSXX.jpg"
},
{
  "_id": {
    "$oid": "66f3a36cd23ade1eec55fa89"
  },
  "unique_id": "5519788",
  "product_name": "Oxi Fleckenentferner",
  "brand": "Formil",
  "regular_price": 3.59,
  "selling_price": 3.59,
  "price_per_unit": "pro 750g | 100g = 0.48 CHF",
  "breadcrumb": "Sortiment > Sortiment > Oxi Fleckenentferner",
  "pdp_url": "https://sortiment.lidl.ch/de/oxi-fleckenentferner-5519788",
  "product_description": "Artikelnr.: 5519788",
  "producthierarchy_level1": "Sortiment",
  "producthierarchy_level2": "Sortiment",
  "producthierarchy_level3": "Oxi Fleckenentferner",
  "producthierarchy_level4": "",
  "producthierarchy_level5": "",
  "producthierarchy_level6": "",
  "producthierarchy_level7": "",
  "currency": "Swiss franc",
  "file_name_1": "5519788_1.jpg",
  "image_url_1": "https://sortiment.lidl.ch/media/catalog/product/cache/38c728e59b3a47950872534eff8a1e63/5/5/5519788_Color_PSXX.jpg",
  "file_name_2": "5519788_2.jpg",
  "image_url_2": "https://sortiment.lidl.ch/media/catalog/product/cache/38c728e59b3a47950872534eff8a1e63/5/5/5519788_White_PSXX.jpg"
},
{
  "_id": {
    "$oid": "66f3a36ed23ade1eec55fa8a"
  },
  "unique_id": "24692",
  "product_name": "Corte alle Mura Chianti Riserva",
  "brand": "Corte alle Mura",
  "regular_price": 7.99,
  "selling_price": 7.99,
  "price_per_unit": "pro 0,75l | 1L = 10.66 CHF",
  "breadcrumb": "Sortiment > Sortiment > Corte alle Mura Chianti Riserva",
  "pdp_url": "https://sortiment.lidl.ch/de/corte-alle-mura-chianti-riserva-0024692",
  "product_description": "Artikelnr.: 24692",
  "producthierarchy_level1": "Sortiment",
  "producthierarchy_level2": "Sortiment",
  "producthierarchy_level3": "Corte alle Mura Chianti Riserva",
  "producthierarchy_level4": "",
  "producthierarchy_level5": "",
  "producthierarchy_level6": "",
  "producthierarchy_level7": "",
  "currency": "Swiss franc",
  "file_name_1": "24692_1.jpg",
  "image_url_1": "https://sortiment.lidl.ch/media/catalog/product/cache/38c728e59b3a47950872534eff8a1e63/2/4/24692_PSWE.jpg"
},
{
  "_id": {
    "$oid": "66f3a36fd23ade1eec55fa8b"
  },
  "unique_id": "133923",
  "product_name": "Randen in Scheiben",
  "brand": "Freshona",
  "regular_price": 1.99,
  "selling_price": 1.99,
  "price_per_unit": "pro 430g (Abtropfgewicht) | 100g = 0.47 CHF",
  "breadcrumb": "Sortiment > Sortiment > Randen in Scheiben",
  "pdp_url": "https://sortiment.lidl.ch/de/randen-in-scheiben-0133923",
  "product_description": "Artikelnr.: 133923",
  "producthierarchy_level1": "Sortiment",
  "producthierarchy_level2": "Sortiment",
  "producthierarchy_level3": "Randen in Scheiben",
  "producthierarchy_level4": "",
  "producthierarchy_level5": "",
  "producthierarchy_level6": "",
  "producthierarchy_level7": "",
  "currency": "Swiss franc",
  "file_name_1": "133923_1.jpg",
  "image_url_1": "https://sortiment.lidl.ch/media/catalog/product/cache/38c728e59b3a47950872534eff8a1e63/1/3/133923_PSXX.jpg"
},
{
  "_id": {
    "$oid": "66f3a370d23ade1eec55fa8c"
  },
  "unique_id": "196386",
  "product_name": "Dr. Oetker Backzutaten",
  "brand": "Dr. Oetker",
  "regular_price": 1.99,
  "selling_price": 1.99,
  "price_per_unit": "pro 160g, 24g, 28g, 80g | 100g = 8.30 bis 1.25",
  "breadcrumb": "Sortiment > Sortiment > Dr. Oetker Backzutaten",
  "pdp_url": "https://sortiment.lidl.ch/de/dr-oetker-backzutaten-0196386",
  "product_description": "Artikelnr.: 196386",
  "producthierarchy_level1": "Sortiment",
  "producthierarchy_level2": "Sortiment",
  "producthierarchy_level3": "Dr. Oetker Backzutaten",
  "producthierarchy_level4": "",
  "producthierarchy_level5": "",
  "producthierarchy_level6": "",
  "producthierarchy_level7": "",
  "currency": "Swiss franc",
  "file_name_1": "196386_1.jpg",
  "image_url_1": "https://sortiment.lidl.ch/media/catalog/product/cache/38c728e59b3a47950872534eff8a1e63/1/9/196386_Backin_PSXX.jpg",
  "file_name_2": "196386_2.jpg",
  "image_url_2": "https://sortiment.lidl.ch/media/catalog/product/cache/38c728e59b3a47950872534eff8a1e63/1/9/196386_BourbonVanille_PSXX.jpg",
  "file_name_3": "196386_3.jpg",
  "image_url_3": "https://sortiment.lidl.ch/media/catalog/product/cache/38c728e59b3a47950872534eff8a1e63/1/9/196386_Hefe_PSXX.jpg",
  "file_name_4": "196386_4.jpg",
  "image_url_4": "https://sortiment.lidl.ch/media/catalog/product/cache/38c728e59b3a47950872534eff8a1e63/1/9/196386_Vanillin_PSXX.jpg"
},
{
  "_id": {
    "$oid": "66f3a371d23ade1eec55fa8d"
  },
  "unique_id": "1800039",
  "product_name": "Nestlé Cerealien Maxi Pack",
  "brand": "Nestlé",
  "regular_price": 6.19,
  "selling_price": 6.19,
  "price_per_unit": "pro 625g | 100g = 1.00 CHF",
  "breadcrumb": "Sortiment > Sortiment > Nestlé Cerealien Maxi Pack",
  "pdp_url": "https://sortiment.lidl.ch/de/nestle-cerealien-maxi-pack-1800039",
  "product_description": "Artikelnr.: 1800039",
  "producthierarchy_level1": "Sortiment",
  "producthierarchy_level2": "Sortiment",
  "producthierarchy_level3": "Nestlé Cerealien Maxi Pack",
  "producthierarchy_level4": "",
  "producthierarchy_level5": "",
  "producthierarchy_level6": "",
  "producthierarchy_level7": "",
  "currency": "Swiss franc",
  "file_name_1": "1800039_1.jpg",
  "image_url_1": "https://sortiment.lidl.ch/media/catalog/product/cache/38c728e59b3a47950872534eff8a1e63/1/8/1800039_Cini-Mini_625g_PSXX.jpg",
  "file_name_2": "1800039_2.jpg",
  "image_url_2": "https://sortiment.lidl.ch/media/catalog/product/cache/38c728e59b3a47950872534eff8a1e63/1/8/1800039_Nesquik_625g_PSXX.jpg"
},
{
  "_id": {
    "$oid": "66f3a373d23ade1eec55fa8e"
  },
  "unique_id": "5110745",
  "product_name": "Rehgeschnetzeltes nature",
  "brand": "Carnesi",
  "regular_price": 3.99,
  "selling_price": 3.99,
  "price_per_unit": "ca. 230-270g | 100g = 1.60 CHF",
  "breadcrumb": "Sortiment > Sortiment > Rehgeschnetzeltes nature",
  "pdp_url": "https://sortiment.lidl.ch/de/rehgeschnetzeltes-nature-5110745",
  "product_description": "Artikelnr.: 5110745",
  "producthierarchy_level1": "Sortiment",
  "producthierarchy_level2": "Sortiment",
  "producthierarchy_level3": "Rehgeschnetzeltes nature",
  "producthierarchy_level4": "",
  "producthierarchy_level5": "",
  "producthierarchy_level6": "",
  "producthierarchy_level7": "",
  "currency": "Swiss franc",
  "file_name_1": "5110745_1.jpg",
  "image_url_1": "https://sortiment.lidl.ch/media/catalog/product/cache/38c728e59b3a47950872534eff8a1e63/5/1/5110745_FKBF.jpg",
  "file_name_2": "5110745_2.jpg",
  "image_url_2": "https://sortiment.lidl.ch/media/catalog/product/cache/38c728e59b3a47950872534eff8a1e63/5/1/5110745_PSXX.jpg"
},
{
  "_id": {
    "$oid": "66f3a375d23ade1eec55fa8f"
  },
  "unique_id": "5110567",
  "product_name": "Schweins-Geschnetzeltes",
  "brand": "Bonvalle",
  "regular_price": 5.79,
  "selling_price": 5.79,
  "price_per_unit": "pro 400g | 100g = 1.45 CHF",
  "breadcrumb": "Sortiment > Sortiment > Schweins-Geschnetzeltes",
  "pdp_url": "https://sortiment.lidl.ch/de/schweins-geschnetzeltes-5110567",
  "product_description": "Artikelnr.: 5110567",
  "producthierarchy_level1": "Sortiment",
  "producthierarchy_level2": "Sortiment",
  "producthierarchy_level3": "Schweins-Geschnetzeltes",
  "producthierarchy_level4": "",
  "producthierarchy_level5": "",
  "producthierarchy_level6": "",
  "producthierarchy_level7": "",
  "currency": "Swiss franc",
  "file_name_1": "5110567_1.jpg",
  "image_url_1": "https://sortiment.lidl.ch/media/catalog/product/cache/38c728e59b3a47950872534eff8a1e63/5/1/5110567_FKBF.jpg",
  "file_name_2": "5110567_2.jpg",
  "image_url_2": "https://sortiment.lidl.ch/media/catalog/product/cache/38c728e59b3a47950872534eff8a1e63/5/1/5110567_PSXX.jpg"
},
{
  "_id": {
    "$oid": "66f3a376d23ade1eec55fa90"
  },
  "unique_id": "5100925",
  "product_name": "Hackbraten zum Selberbacken",
  "brand": "Bonvalle",
  "regular_price": 6.49,
  "selling_price": 6.49,
  "price_per_unit": "pro 600g | 100g = 1.09 CHF",
  "breadcrumb": "Sortiment > Sortiment > Hackbraten zum Selberbacken",
  "pdp_url": "https://sortiment.lidl.ch/de/hackbraten-zum-selberbacken-5100925",
  "product_description": "Artikelnr.: 5100925",
  "producthierarchy_level1": "Sortiment",
  "producthierarchy_level2": "Sortiment",
  "producthierarchy_level3": "Hackbraten zum Selberbacken",
  "producthierarchy_level4": "",
  "producthierarchy_level5": "",
  "producthierarchy_level6": "",
  "producthierarchy_level7": "",
  "currency": "Swiss franc",
  "file_name_1": "5100925_1.jpg",
  "image_url_1": "https://sortiment.lidl.ch/media/catalog/product/cache/38c728e59b3a47950872534eff8a1e63/5/1/5100925_PSXX.jpg"
},
{
  "_id": {
    "$oid": "66f3a378d23ade1eec55fa91"
  },
  "unique_id": "5100924",
  "product_name": "Fleischkäse zum Selberbacken",
  "brand": "Bonvalle",
  "regular_price": 6.49,
  "selling_price": 6.49,
  "price_per_unit": "pro 600g | 100g = 1.09 CHF",
  "breadcrumb": "Sortiment > Sortiment > Fleischkäse zum Selberbacken",
  "pdp_url": "https://sortiment.lidl.ch/de/fleischkaese-zum-selberbacken-5100924",
  "product_description": "Artikelnr.: 5100924",
  "producthierarchy_level1": "Sortiment",
  "producthierarchy_level2": "Sortiment",
  "producthierarchy_level3": "Fleischkäse zum Selberbacken",
  "producthierarchy_level4": "",
  "producthierarchy_level5": "",
  "producthierarchy_level6": "",
  "producthierarchy_level7": "",
  "currency": "Swiss franc",
  "file_name_1": "5100924_1.jpg",
  "image_url_1": "https://sortiment.lidl.ch/media/catalog/product/cache/38c728e59b3a47950872534eff8a1e63/5/1/5100924_PSXX.jpg"
},
{
  "_id": {
    "$oid": "66f3a379d23ade1eec55fa92"
  },
  "unique_id": "5110566",
  "product_name": "Schweinsragout",
  "brand": "Bonvalle",
  "regular_price": 4.49,
  "selling_price": 4.49,
  "price_per_unit": "pro 500g | 100g = 0.90 CHF",
  "breadcrumb": "Sortiment > Sortiment > Schweinsragout",
  "pdp_url": "https://sortiment.lidl.ch/de/schweinsragout-5110566",
  "product_description": "Artikelnr.: 5110566",
  "producthierarchy_level1": "Sortiment",
  "producthierarchy_level2": "Sortiment",
  "producthierarchy_level3": "Schweinsragout",
  "producthierarchy_level4": "",
  "producthierarchy_level5": "",
  "producthierarchy_level6": "",
  "producthierarchy_level7": "",
  "currency": "Swiss franc",
  "file_name_1": "5110566_1.jpg",
  "image_url_1": "https://sortiment.lidl.ch/media/catalog/product/cache/38c728e59b3a47950872534eff8a1e63/5/1/5110566_FKBF.jpg",
  "file_name_2": "5110566_2.jpg",
  "image_url_2": "https://sortiment.lidl.ch/media/catalog/product/cache/38c728e59b3a47950872534eff8a1e63/5/1/5110566_Ragout_PSXX.jpg"
},
{
  "_id": {
    "$oid": "66f3a37bd23ade1eec55fa93"
  },
  "unique_id": "1800120",
  "product_name": "WC Ente WC Gel Total Aktiv",
  "brand": "WC Ente",
  "regular_price": 4.49,
  "selling_price": 4.49,
  "price_per_unit": "pro 750ml | 1L = 5.99 CHF",
  "breadcrumb": "Sortiment > Sortiment > WC Ente WC Gel Total Aktiv",
  "pdp_url": "https://sortiment.lidl.ch/de/wc-ente-wc-gel-total-aktiv-1800120",
  "product_description": "Artikelnr.: 1800120",
  "producthierarchy_level1": "Sortiment",
  "producthierarchy_level2": "Sortiment",
  "producthierarchy_level3": "WC Ente WC Gel Total Aktiv",
  "producthierarchy_level4": "",
  "producthierarchy_level5": "",
  "producthierarchy_level6": "",
  "producthierarchy_level7": "",
  "currency": "Swiss franc",
  "file_name_1": "1800120_1.jpg",
  "image_url_1": "https://sortiment.lidl.ch/media/catalog/product/cache/38c728e59b3a47950872534eff8a1e63/1/8/1800120_PSXX.jpg"
},
{
  "_id": {
    "$oid": "66f3a37cd23ade1eec55fa94"
  },
  "unique_id": "5111341",
  "product_name": "Korkenkroketten / Zapfenkroketten",
  "brand": "Harvest Basket",
  "regular_price": 3.99,
  "selling_price": 3.99,
  "price_per_unit": "pro 750g | 100g = 0.54 CHF",
  "breadcrumb": "Sortiment > Sortiment > Korkenkroketten / Zapfenkroketten",
  "pdp_url": "https://sortiment.lidl.ch/de/korkenkroketten-zapfenkroketten-5111341",
  "product_description": "Artikelnr.: 5111341",
  "producthierarchy_level1": "Sortiment",
  "producthierarchy_level2": "Sortiment",
  "producthierarchy_level3": "Korkenkroketten / Zapfenkroketten",
  "producthierarchy_level4": "",
  "producthierarchy_level5": "",
  "producthierarchy_level6": "",
  "producthierarchy_level7": "",
  "currency": "Swiss franc",
  "file_name_1": "5111341_1.jpg",
  "image_url_1": "https://sortiment.lidl.ch/media/catalog/product/cache/38c728e59b3a47950872534eff8a1e63/5/1/5111341_Korkenkroketten_PSXX.jpg",
  "file_name_2": "5111341_2.jpg",
  "image_url_2": "https://sortiment.lidl.ch/media/catalog/product/cache/38c728e59b3a47950872534eff8a1e63/5/1/5111341_Zapfenkroketten_PSXX.jpg"
},
{
  "_id": {
    "$oid": "66f3a37dd23ade1eec55fa95"
  },
  "unique_id": "6123",
  "product_name": "Raclette 1/4 Laib",
  "brand": "Fromani",
  "regular_price": 1.19,
  "selling_price": 1.19,
  "price_per_unit": "pro 100g, ca. 1,675kg",
  "breadcrumb": "Sortiment > Sortiment > Raclette 1/4 Laib",
  "pdp_url": "https://sortiment.lidl.ch/de/raclette-1-4-laib-0006123",
  "product_description": "Artikelnr.: 6123",
  "producthierarchy_level1": "Sortiment",
  "producthierarchy_level2": "Sortiment",
  "producthierarchy_level3": "Raclette 1/4 Laib",
  "producthierarchy_level4": "",
  "producthierarchy_level5": "",
  "producthierarchy_level6": "",
  "producthierarchy_level7": "",
  "currency": "Swiss franc",
  "file_name_1": "6123_1.jpg",
  "image_url_1": "https://sortiment.lidl.ch/media/catalog/product/cache/38c728e59b3a47950872534eff8a1e63/6/1/6123_FKBF.jpg",
  "file_name_2": "6123_2.jpg",
  "image_url_2": "https://sortiment.lidl.ch/media/catalog/product/cache/38c728e59b3a47950872534eff8a1e63/6/1/6123_PSXX.jpg"
},
{
  "_id": {
    "$oid": "66f3a37fd23ade1eec55fa96"
  },
  "unique_id": "12871",
  "product_name": "Basilikum",
  "brand": "Kania",
  "regular_price": 0.59,
  "selling_price": 0.59,
  "price_per_unit": "pro 15g | 100g = 3.94 CHF",
  "breadcrumb": "Sortiment > Sortiment > Basilikum",
  "pdp_url": "https://sortiment.lidl.ch/de/basilikum-0012871",
  "product_description": "Artikelnr.: 12871",
  "producthierarchy_level1": "Sortiment",
  "producthierarchy_level2": "Sortiment",
  "producthierarchy_level3": "Basilikum",
  "producthierarchy_level4": "",
  "producthierarchy_level5": "",
  "producthierarchy_level6": "",
  "producthierarchy_level7": "",
  "currency": "Swiss franc",
  "file_name_1": "12871_1.jpg",
  "image_url_1": "https://sortiment.lidl.ch/media/catalog/product/cache/38c728e59b3a47950872534eff8a1e63/1/2/12871_PSXX.jpg"
},
{
  "_id": {
    "$oid": "66f3a380d23ade1eec55fa97"
  },
  "unique_id": "5111209",
  "product_name": "Tessiner Ravioli",
  "brand": "Chef Select",
  "regular_price": 4.99,
  "selling_price": 4.99,
  "price_per_unit": "pro 250g | 100g = 2.00 CHF",
  "breadcrumb": "Sortiment > Sortiment > Tessiner Ravioli",
  "pdp_url": "https://sortiment.lidl.ch/de/tessiner-ravioli-5111209",
  "product_description": "Artikelnr.: 5111209",
  "producthierarchy_level1": "Sortiment",
  "producthierarchy_level2": "Sortiment",
  "producthierarchy_level3": "Tessiner Ravioli",
  "producthierarchy_level4": "",
  "producthierarchy_level5": "",
  "producthierarchy_level6": "",
  "producthierarchy_level7": "",
  "currency": "Swiss franc",
  "file_name_1": "5111209_1.jpg",
  "image_url_1": "https://sortiment.lidl.ch/media/catalog/product/cache/38c728e59b3a47950872534eff8a1e63/5/1/5111209_Brasato_PSXX.jpg",
  "file_name_2": "5111209_2.jpg",
  "image_url_2": "https://sortiment.lidl.ch/media/catalog/product/cache/38c728e59b3a47950872534eff8a1e63/5/1/5111209_RicottaSpinat_PSXX.jpg",
  "file_name_3": "5111209_3.jpg",
  "image_url_3": "https://sortiment.lidl.ch/media/catalog/product/cache/38c728e59b3a47950872534eff8a1e63/5/1/5111209_Steinpilz_PSXX.jpg"
},
{
  "_id": {
    "$oid": "66f3a381d23ade1eec55fa98"
  },
  "unique_id": "5110134",
  "product_name": "High Protein Mozzarella",
  "brand": "Milbona",
  "regular_price": 1.99,
  "selling_price": 1.99,
  "price_per_unit": "pro 160g | 100g = 1.25 CHF",
  "breadcrumb": "Sortiment > Sortiment > High Protein Mozzarella",
  "pdp_url": "https://sortiment.lidl.ch/de/high-protein-mozzarella-5110134",
  "product_description": "Artikelnr.: 5110134",
  "producthierarchy_level1": "Sortiment",
  "producthierarchy_level2": "Sortiment",
  "producthierarchy_level3": "High Protein Mozzarella",
  "producthierarchy_level4": "",
  "producthierarchy_level5": "",
  "producthierarchy_level6": "",
  "producthierarchy_level7": "",
  "currency": "Swiss franc",
  "file_name_1": "5110134_1.jpg",
  "image_url_1": "https://sortiment.lidl.ch/media/amasty/amoptmobile/catalog/product/cache/38c728e59b3a47950872534eff8a1e63/5/1/5110134_PSXX.jpg"
},
{
  "_id": {
    "$oid": "66f3a383d23ade1eec55fa99"
  },
  "unique_id": "5110133",
  "product_name": "High Protein Salatkäse",
  "brand": "Milbona",
  "regular_price": 1.99,
  "selling_price": 1.99,
  "price_per_unit": "pro 150g | 100g = 1.33 CHF",
  "breadcrumb": "Sortiment > Sortiment > High Protein Salatkäse",
  "pdp_url": "https://sortiment.lidl.ch/de/high-protein-salatkaese-5110133",
  "product_description": "Artikelnr.: 5110133",
  "producthierarchy_level1": "Sortiment",
  "producthierarchy_level2": "Sortiment",
  "producthierarchy_level3": "High Protein Salatkäse",
  "producthierarchy_level4": "",
  "producthierarchy_level5": "",
  "producthierarchy_level6": "",
  "producthierarchy_level7": "",
  "currency": "Swiss franc",
  "file_name_1": "5110133_1.jpg",
  "image_url_1": "https://sortiment.lidl.ch/media/catalog/product/cache/38c728e59b3a47950872534eff8a1e63/5/1/5110133_PSXX.jpg"
},
{
  "_id": {
    "$oid": "66f3a384d23ade1eec55fa9a"
  },
  "unique_id": "5107538",
  "product_name": "High Protein Cottage Cheese",
  "brand": "Milbona",
  "regular_price": 1.55,
  "selling_price": 1.55,
  "price_per_unit": "pro 250g | 100g = 0.62 CHF",
  "breadcrumb": "Sortiment > Sortiment > High Protein Cottage Cheese",
  "pdp_url": "https://sortiment.lidl.ch/de/high-protein-cottage-cheese-5107538",
  "product_description": "Artikelnr.: 5107538",
  "producthierarchy_level1": "Sortiment",
  "producthierarchy_level2": "Sortiment",
  "producthierarchy_level3": "High Protein Cottage Cheese",
  "producthierarchy_level4": "",
  "producthierarchy_level5": "",
  "producthierarchy_level6": "",
  "producthierarchy_level7": "",
  "currency": "Swiss franc",
  "file_name_1": "5107538_1.jpg",
  "image_url_1": "https://sortiment.lidl.ch/media/catalog/product/cache/38c728e59b3a47950872534eff8a1e63/5/1/5107538_PSXX.jpg"
},
{
  "_id": {
    "$oid": "66f3a385d23ade1eec55fa9b"
  },
  "unique_id": "5100168",
  "product_name": "Cottage Cheese",
  "brand": "Milbona",
  "regular_price": 1.35,
  "selling_price": 1.35,
  "price_per_unit": "pro 250g | 100g = 0.54 CHF",
  "breadcrumb": "Sortiment > Sortiment > Cottage Cheese",
  "pdp_url": "https://sortiment.lidl.ch/de/cottage-cheese-5100168",
  "product_description": "Artikelnr.: 5100168",
  "producthierarchy_level1": "Sortiment",
  "producthierarchy_level2": "Sortiment",
  "producthierarchy_level3": "Cottage Cheese",
  "producthierarchy_level4": "",
  "producthierarchy_level5": "",
  "producthierarchy_level6": "",
  "producthierarchy_level7": "",
  "currency": "Swiss franc",
  "file_name_1": "5100168_1.jpg",
  "image_url_1": "https://sortiment.lidl.ch/media/amasty/amoptmobile/catalog/product/cache/38c728e59b3a47950872534eff8a1e63/5/1/5100168_PSXX.jpg"
},
{
  "_id": {
    "$oid": "66f3a387d23ade1eec55fa9c"
  },
  "unique_id": "180483",
  "product_name": "Ultrabinden Aloe Vera, mit Flügeln",
  "brand": "Siempre",
  "regular_price": 2.55,
  "selling_price": 2.55,
  "price_per_unit": "pro 20 Stück, 28 Stück, 40 Stück | 1 Stk = 0.13 CHF",
  "breadcrumb": "Sortiment > Sortiment > Ultrabinden Aloe Vera, mit Flügeln",
  "pdp_url": "https://sortiment.lidl.ch/de/ultrabinden-aloe-vera-mit-fluegeln-0180483",
  "product_description": "Artikelnr.: 180483",
  "producthierarchy_level1": "Sortiment",
  "producthierarchy_level2": "Sortiment",
  "producthierarchy_level3": "Ultrabinden Aloe Vera, mit Flügeln",
  "producthierarchy_level4": "",
  "producthierarchy_level5": "",
  "producthierarchy_level6": "",
  "producthierarchy_level7": "",
  "currency": "Swiss franc",
  "file_name_1": "180483_1.jpg",
  "image_url_1": "https://sortiment.lidl.ch/media/catalog/product/cache/38c728e59b3a47950872534eff8a1e63/1/8/180483_20Pack_PSXX.jpg",
  "file_name_2": "180483_2.jpg",
  "image_url_2": "https://sortiment.lidl.ch/media/catalog/product/cache/38c728e59b3a47950872534eff8a1e63/1/8/180483_28Pack_PSXX.jpg",
  "file_name_3": "180483_3.jpg",
  "image_url_3": "https://sortiment.lidl.ch/media/catalog/product/cache/38c728e59b3a47950872534eff8a1e63/1/8/180483_40Pack_PSXX.jpg"
},
{
  "_id": {
    "$oid": "66f3a388d23ade1eec55fa9d"
  },
  "unique_id": "195164",
  "product_name": "Küchentücher Recycling",
  "brand": "Floralys",
  "regular_price": 4.39,
  "selling_price": 4.39,
  "price_per_unit": "pro 540Blatt",
  "breadcrumb": "Sortiment > Sortiment > Küchentücher Recycling",
  "pdp_url": "https://sortiment.lidl.ch/de/kuechentuecher-recycling-0195164",
  "product_description": "Artikelnr.: 195164",
  "producthierarchy_level1": "Sortiment",
  "producthierarchy_level2": "Sortiment",
  "producthierarchy_level3": "Küchentücher Recycling",
  "producthierarchy_level4": "",
  "producthierarchy_level5": "",
  "producthierarchy_level6": "",
  "producthierarchy_level7": "",
  "currency": "Swiss franc",
  "file_name_1": "195164_1.jpg",
  "image_url_1": "https://sortiment.lidl.ch/media/catalog/product/cache/38c728e59b3a47950872534eff8a1e63/1/9/195164_PSXX.jpg"
},
{
  "_id": {
    "$oid": "66f3a38ad23ade1eec55fa9e"
  },
  "unique_id": "198228",
  "product_name": "Nivea Body Milk / Body Lotion",
  "brand": "Nivea",
  "regular_price": 6.45,
  "selling_price": 6.45,
  "price_per_unit": "pro 400ml | 100ML = 1.62 CHF",
  "breadcrumb": "Sortiment > Sortiment > Nivea Body Milk / Body Lotion",
  "pdp_url": "https://sortiment.lidl.ch/de/nivea-body-milk-body-lotion-0198228",
  "product_description": "Artikelnr.: 198228",
  "producthierarchy_level1": "Sortiment",
  "producthierarchy_level2": "Sortiment",
  "producthierarchy_level3": "Nivea Body Milk / Body Lotion",
  "producthierarchy_level4": "",
  "producthierarchy_level5": "",
  "producthierarchy_level6": "",
  "producthierarchy_level7": "",
  "currency": "Swiss franc",
  "file_name_1": "198228_1.jpg",
  "image_url_1": "https://sortiment.lidl.ch/media/catalog/product/cache/38c728e59b3a47950872534eff8a1e63/1/9/198228_Bodylotion_PSXX.jpg",
  "file_name_2": "198228_2.jpg",
  "image_url_2": "https://sortiment.lidl.ch/media/catalog/product/cache/38c728e59b3a47950872534eff8a1e63/1/9/198228_Bodymilk_PSXX.jpg"
},
{
  "_id": {
    "$oid": "66f3a38bd23ade1eec55fa9f"
  },
  "unique_id": "193554",
  "product_name": "Floopy Donuts",
  "brand": "",
  "regular_price": 3.69,
  "selling_price": 3.69,
  "price_per_unit": "pro 285g | 100g = 1.30 CHF",
  "breadcrumb": "Sortiment > Sortiment > Floopy Donuts",
  "pdp_url": "https://sortiment.lidl.ch/de/floopy-donuts-0193554",
  "product_description": "Artikelnr.: 193554 Kennzeichnung: siehe Verpackung.",
  "producthierarchy_level1": "Sortiment",
  "producthierarchy_level2": "Sortiment",
  "producthierarchy_level3": "Floopy Donuts",
  "producthierarchy_level4": "",
  "producthierarchy_level5": "",
  "producthierarchy_level6": "",
  "producthierarchy_level7": "",
  "currency": "Swiss franc",
  "file_name_1": "193554_1.jpg",
  "image_url_1": "https://sortiment.lidl.ch/media/catalog/product/cache/38c728e59b3a47950872534eff8a1e63/1/9/193554_PSXX.jpg"
},
{
  "_id": {
    "$oid": "66f3a38cd23ade1eec55faa0"
  },
  "unique_id": "7408386",
  "product_name": "Hafer-Schokokekse",
  "brand": "Sondey",
  "regular_price": 4.99,
  "selling_price": 4.99,
  "price_per_unit": "pro 525g, 630g | 100g = 0.96, 0.80 CHF",
  "breadcrumb": "Sortiment > Sortiment > Hafer-Schokokekse",
  "pdp_url": "https://sortiment.lidl.ch/de/hafer-schokokekse-7408386",
  "product_description": "Artikelnr.: 7408386",
  "producthierarchy_level1": "Sortiment",
  "producthierarchy_level2": "Sortiment",
  "producthierarchy_level3": "Hafer-Schokokekse",
  "producthierarchy_level4": "",
  "producthierarchy_level5": "",
  "producthierarchy_level6": "",
  "producthierarchy_level7": "",
  "currency": "Swiss franc",
  "file_name_1": "7408386_1.jpg",
  "image_url_1": "https://sortiment.lidl.ch/media/catalog/product/cache/38c728e59b3a47950872534eff8a1e63/7/4/7408386_Hafer_PSXX.jpg",
  "file_name_2": "7408386_2.jpg",
  "image_url_2": "https://sortiment.lidl.ch/media/catalog/product/cache/38c728e59b3a47950872534eff8a1e63/7/4/7408386_Kakao_PSXX.jpg"
},
{
  "_id": {
    "$oid": "66f3a38dd23ade1eec55faa1"
  },
  "unique_id": "133553",
  "product_name": "Shiraz Paarl",
  "brand": "Deluxe",
  "regular_price": 5.99,
  "selling_price": 3.49,
  "price_per_unit": "pro 0,75l | 1L = 4.66 CHF",
  "breadcrumb": "Sortiment > Sortiment > Shiraz Paarl",
  "pdp_url": "https://sortiment.lidl.ch/de/shiraz-paarl-0133553",
  "product_description": "Artikelnr.: 133553",
  "producthierarchy_level1": "Sortiment",
  "producthierarchy_level2": "Sortiment",
  "producthierarchy_level3": "Shiraz Paarl",
  "producthierarchy_level4": "",
  "producthierarchy_level5": "",
  "producthierarchy_level6": "",
  "producthierarchy_level7": "",
  "currency": "Swiss franc",
  "file_name_1": "133553_1.jpg",
  "image_url_1": "https://sortiment.lidl.ch/media/catalog/product/cache/38c728e59b3a47950872534eff8a1e63/1/3/133553_PSWE.jpg"
},
{
  "_id": {
    "$oid": "66f3a38ed23ade1eec55faa2"
  },
  "unique_id": "189068",
  "product_name": "Dr. Oetker Dessert",
  "brand": "Dr. Oetker",
  "regular_price": 1.89,
  "selling_price": 1.89,
  "price_per_unit": "pro 111g, 133,5g, 51g | 100g = 3.71 bis 37.80",
  "breadcrumb": "Sortiment > Sortiment > Dr. Oetker Dessert",
  "pdp_url": "https://sortiment.lidl.ch/de/dr-oetker-dessert-0189068",
  "product_description": "Artikelnr.: 189068",
  "producthierarchy_level1": "Sortiment",
  "producthierarchy_level2": "Sortiment",
  "producthierarchy_level3": "Dr. Oetker Dessert",
  "producthierarchy_level4": "",
  "producthierarchy_level5": "",
  "producthierarchy_level6": "",
  "producthierarchy_level7": "",
  "currency": "Swiss franc",
  "file_name_1": "189068_1.jpg",
  "image_url_1": "https://sortiment.lidl.ch/media/catalog/product/cache/38c728e59b3a47950872534eff8a1e63/1/8/189068_PuddingSahne_PSXX.jpg",
  "file_name_2": "189068_2.jpg",
  "image_url_2": "https://sortiment.lidl.ch/media/catalog/product/cache/38c728e59b3a47950872534eff8a1e63/1/8/189068_PuddingSchoko_PSXX.jpg",
  "file_name_3": "189068_3.jpg",
  "image_url_3": "https://sortiment.lidl.ch/media/catalog/product/cache/38c728e59b3a47950872534eff8a1e63/1/8/189068_PuddingVanille_PSXX.jpg",
  "file_name_4": "189068_4.jpg",
  "image_url_4": "https://sortiment.lidl.ch/media/catalog/product/cache/38c728e59b3a47950872534eff8a1e63/1/8/189068_VanilleSauce_PSXX.jpg"
},
{
  "_id": {
    "$oid": "66f3a390d23ade1eec55faa3"
  },
  "unique_id": "18852",
  "product_name": "Bio Tee 9 Kräuter",
  "brand": "Lord Nelson",
  "regular_price": 1.09,
  "selling_price": 1.09,
  "price_per_unit": "pro 20x2g | 100g = 2.73 CHF",
  "breadcrumb": "Sortiment > Sortiment > Bio Tee 9 Kräuter",
  "pdp_url": "https://sortiment.lidl.ch/de/bio-tee-9-kraeuter-0018852",
  "product_description": "Artikelnr.: 18852",
  "producthierarchy_level1": "Sortiment",
  "producthierarchy_level2": "Sortiment",
  "producthierarchy_level3": "Bio Tee 9 Kräuter",
  "producthierarchy_level4": "",
  "producthierarchy_level5": "",
  "producthierarchy_level6": "",
  "producthierarchy_level7": "",
  "currency": "Swiss franc",
  "file_name_1": "18852_1.jpg",
  "image_url_1": "https://sortiment.lidl.ch/media/catalog/product/cache/38c728e59b3a47950872534eff8a1e63/1/8/18852_PSXX.jpg"
},
{
  "_id": {
    "$oid": "66f3a391d23ade1eec55faa4"
  },
  "unique_id": "12873",
  "product_name": "Thymian",
  "brand": "Kania",
  "regular_price": 0.95,
  "selling_price": 0.95,
  "price_per_unit": "pro 20g | 100g = 4.75 CHF",
  "breadcrumb": "Sortiment > Sortiment > Thymian",
  "pdp_url": "https://sortiment.lidl.ch/de/thymian-0012873",
  "product_description": "Artikelnr.: 12873",
  "producthierarchy_level1": "Sortiment",
  "producthierarchy_level2": "Sortiment",
  "producthierarchy_level3": "Thymian",
  "producthierarchy_level4": "",
  "producthierarchy_level5": "",
  "producthierarchy_level6": "",
  "producthierarchy_level7": "",
  "currency": "Swiss franc",
  "file_name_1": "12873_1.jpg",
  "image_url_1": "https://sortiment.lidl.ch/media/catalog/product/cache/38c728e59b3a47950872534eff8a1e63/1/2/12873_PSXX.jpg"
},
{
  "_id": {
    "$oid": "66f3a393d23ade1eec55faa5"
  },
  "unique_id": "6015800",
  "product_name": "Kirschtomatensauce",
  "brand": "Baresa",
  "regular_price": 1.59,
  "selling_price": 1.59,
  "price_per_unit": "pro 330g | 100g = 0.49 CHF",
  "breadcrumb": "Sortiment > Sortiment > Kirschtomatensauce",
  "pdp_url": "https://sortiment.lidl.ch/de/kirschtomatensauce-6015800",
  "product_description": "Artikelnr.: 6015800",
  "producthierarchy_level1": "Sortiment",
  "producthierarchy_level2": "Sortiment",
  "producthierarchy_level3": "Kirschtomatensauce",
  "producthierarchy_level4": "",
  "producthierarchy_level5": "",
  "producthierarchy_level6": "",
  "producthierarchy_level7": "",
  "currency": "Swiss franc",
  "file_name_1": "6015800_1.jpg",
  "image_url_1": "https://sortiment.lidl.ch/media/catalog/product/cache/38c728e59b3a47950872534eff8a1e63/6/0/6015800_Arrabbiata.jpg",
  "file_name_2": "6015800_2.jpg",
  "image_url_2": "https://sortiment.lidl.ch/media/catalog/product/cache/38c728e59b3a47950872534eff8a1e63/6/0/6015800_Basilico.jpg",
  "file_name_3": "6015800_3.jpg",
  "image_url_3": "https://sortiment.lidl.ch/media/catalog/product/cache/38c728e59b3a47950872534eff8a1e63/6/0/6015800_Melanzana.jpg"
},
{
  "_id": {
    "$oid": "66f3a394d23ade1eec55faa6"
  },
  "unique_id": "38892",
  "product_name": "Gouda Scheiben",
  "brand": "Milbona",
  "regular_price": 3.65,
  "selling_price": 3.65,
  "price_per_unit": "pro 400g | 100g = 0.92 CHF",
  "breadcrumb": "Sortiment > Sortiment > Gouda Scheiben",
  "pdp_url": "https://sortiment.lidl.ch/de/gouda-scheiben-0038892",
  "product_description": "Artikelnr.: 38892",
  "producthierarchy_level1": "Sortiment",
  "producthierarchy_level2": "Sortiment",
  "producthierarchy_level3": "Gouda Scheiben",
  "producthierarchy_level4": "",
  "producthierarchy_level5": "",
  "producthierarchy_level6": "",
  "producthierarchy_level7": "",
  "currency": "Swiss franc",
  "file_name_1": "38892_1.jpg",
  "image_url_1": "https://sortiment.lidl.ch/media/catalog/product/cache/38c728e59b3a47950872534eff8a1e63/3/8/38892_PSXX.jpg"
},
{
  "_id": {
    "$oid": "66f3a395d23ade1eec55faa7"
  },
  "unique_id": "164062",
  "product_name": "Veggie-Mix",
  "brand": "Vemondo",
  "regular_price": 2.59,
  "selling_price": 2.59,
  "price_per_unit": "pro 400g | 100g = 0.65 CHF",
  "breadcrumb": "Sortiment > Sortiment > Veggie-Mix",
  "pdp_url": "https://sortiment.lidl.ch/de/veggie-mix-0164062",
  "product_description": "Artikelnr.: 164062",
  "producthierarchy_level1": "Sortiment",
  "producthierarchy_level2": "Sortiment",
  "producthierarchy_level3": "Veggie-Mix",
  "producthierarchy_level4": "",
  "producthierarchy_level5": "",
  "producthierarchy_level6": "",
  "producthierarchy_level7": "",
  "currency": "Swiss franc",
  "file_name_1": "164062_1.jpg",
  "image_url_1": "https://sortiment.lidl.ch/media/catalog/product/cache/38c728e59b3a47950872534eff8a1e63/1/6/164062_BroccoliBuchweizen_PSXX.jpg",
  "file_name_2": "164062_2.jpg",
  "image_url_2": "https://sortiment.lidl.ch/media/catalog/product/cache/38c728e59b3a47950872534eff8a1e63/1/6/164062_Zucchini-Bulgur_PSXX.jpg"
},
{
  "_id": {
    "$oid": "66f3a396d23ade1eec55faa8"
  },
  "unique_id": "134827",
  "product_name": "Edamame Bohnen",
  "brand": "Vitasia",
  "regular_price": 2.95,
  "selling_price": 2.95,
  "price_per_unit": "pro 400g | 100g = 0.74 CHF",
  "breadcrumb": "Sortiment > Sortiment > Edamame Bohnen",
  "pdp_url": "https://sortiment.lidl.ch/de/edamame-bohnen-0134827",
  "product_description": "Artikelnr.: 134827",
  "producthierarchy_level1": "Sortiment",
  "producthierarchy_level2": "Sortiment",
  "producthierarchy_level3": "Edamame Bohnen",
  "producthierarchy_level4": "",
  "producthierarchy_level5": "",
  "producthierarchy_level6": "",
  "producthierarchy_level7": "",
  "currency": "Swiss franc",
  "file_name_1": "134827_1.jpg",
  "image_url_1": "https://sortiment.lidl.ch/media/amasty/amoptmobile/catalog/product/cache/38c728e59b3a47950872534eff8a1e63/1/3/134827_pods_PSXX.jpg",
  "file_name_2": "134827_2.jpg",
  "image_url_2": "https://sortiment.lidl.ch/media/catalog/product/cache/38c728e59b3a47950872534eff8a1e63/1/3/134827_shelled_PSXX.jpg"
},
{
  "_id": {
    "$oid": "66f3a397d23ade1eec55faa9"
  },
  "unique_id": "7407869",
  "product_name": "Trio Mini Donuts",
  "brand": "Confiserie Firenze",
  "regular_price": 2.99,
  "selling_price": 2.99,
  "price_per_unit": "pro 276g | 100g = 1.09 CHF",
  "breadcrumb": "Sortiment > Sortiment > Trio Mini Donuts",
  "pdp_url": "https://sortiment.lidl.ch/de/trio-mini-donuts-7407869",
  "product_description": "Artikelnr.: 7407869",
  "producthierarchy_level1": "Sortiment",
  "producthierarchy_level2": "Sortiment",
  "producthierarchy_level3": "Trio Mini Donuts",
  "producthierarchy_level4": "",
  "producthierarchy_level5": "",
  "producthierarchy_level6": "",
  "producthierarchy_level7": "",
  "currency": "Swiss franc",
  "file_name_1": "7407869_1.jpg",
  "image_url_1": "https://sortiment.lidl.ch/media/amasty/amoptmobile/catalog/product/cache/38c728e59b3a47950872534eff8a1e63/7/4/7407869_PSXX.jpg"
},
{
  "_id": {
    "$oid": "66f3a399d23ade1eec55faaa"
  },
  "unique_id": "5110555",
  "product_name": "Hackfleisch gemischt",
  "brand": "Bonvalle",
  "regular_price": 5.69,
  "selling_price": 5.69,
  "price_per_unit": "pro 300g | 100g = 1.90 CHF",
  "breadcrumb": "Sortiment > Sortiment > Hackfleisch gemischt",
  "pdp_url": "https://sortiment.lidl.ch/de/hackfleisch-gemischt-5110555",
  "product_description": "Artikelnr.: 5110555",
  "producthierarchy_level1": "Sortiment",
  "producthierarchy_level2": "Sortiment",
  "producthierarchy_level3": "Hackfleisch gemischt",
  "producthierarchy_level4": "",
  "producthierarchy_level5": "",
  "producthierarchy_level6": "",
  "producthierarchy_level7": "",
  "currency": "Swiss franc",
  "file_name_1": "5110555_1.jpg",
  "image_url_1": "https://sortiment.lidl.ch/media/catalog/product/cache/38c728e59b3a47950872534eff8a1e63/5/1/5110555_TN_PSXX.jpg"
},
{
  "_id": {
    "$oid": "66f3a39ad23ade1eec55faab"
  },
  "unique_id": "5111755",
  "product_name": "Urnäscher Kronbachkäse",
  "brand": "Fromani typisch",
  "regular_price": 3.99,
  "selling_price": 3.99,
  "price_per_unit": "pro 185g | 100g = 2.16 CHF",
  "breadcrumb": "Sortiment > Sortiment > Urnäscher Kronbachkäse",
  "pdp_url": "https://sortiment.lidl.ch/de/urnaescher-kronbachkaese-5111755",
  "product_description": "Artikelnr.: 5111755",
  "producthierarchy_level1": "Sortiment",
  "producthierarchy_level2": "Sortiment",
  "producthierarchy_level3": "Urnäscher Kronbachkäse",
  "producthierarchy_level4": "",
  "producthierarchy_level5": "",
  "producthierarchy_level6": "",
  "producthierarchy_level7": "",
  "currency": "Swiss franc",
  "file_name_1": "5111755_1.jpg",
  "image_url_1": "https://sortiment.lidl.ch/media/catalog/product/cache/38c728e59b3a47950872534eff8a1e63/5/1/5111755_FKBF.jpg",
  "file_name_2": "5111755_2.jpg",
  "image_url_2": "https://sortiment.lidl.ch/media/catalog/product/cache/38c728e59b3a47950872534eff8a1e63/5/1/5111755_PSXX.jpg"
},
{
  "_id": {
    "$oid": "66f3a39cd23ade1eec55faac"
  },
  "unique_id": "195012",
  "product_name": "Katjes Vitaminis",
  "brand": "Katjes",
  "regular_price": 1.69,
  "selling_price": 1.69,
  "price_per_unit": "pro 160g | 100g = 1.06 CHF",
  "breadcrumb": "Sortiment > Sortiment > Katjes Vitaminis",
  "pdp_url": "https://sortiment.lidl.ch/de/katjes-vitaminis-0195012",
  "product_description": "Artikelnr.: 195012",
  "producthierarchy_level1": "Sortiment",
  "producthierarchy_level2": "Sortiment",
  "producthierarchy_level3": "Katjes Vitaminis",
  "producthierarchy_level4": "",
  "producthierarchy_level5": "",
  "producthierarchy_level6": "",
  "producthierarchy_level7": "",
  "currency": "Swiss franc",
  "file_name_1": "195012_1.jpg",
  "image_url_1": "https://sortiment.lidl.ch/media/catalog/product/cache/38c728e59b3a47950872534eff8a1e63/1/9/195012_FruchtgummiVitamine_PSXX.jpg",
  "file_name_2": "195012_2.jpg",
  "image_url_2": "https://sortiment.lidl.ch/media/catalog/product/cache/38c728e59b3a47950872534eff8a1e63/1/9/195012_FruchtsaftJoghurt_PSXX.jpg",
  "file_name_3": "195012_3.jpg",
  "image_url_3": "https://sortiment.lidl.ch/media/catalog/product/cache/38c728e59b3a47950872534eff8a1e63/1/9/195012_GemuesesaftVitamine_PSXX.jpg",
  "file_name_4": "195012_4.jpg",
  "image_url_4": "https://sortiment.lidl.ch/media/catalog/product/cache/38c728e59b3a47950872534eff8a1e63/1/9/195012_MilchVitamine_PSXX.jpg",
  "file_name_5": "195012_5.jpg",
  "image_url_5": "https://sortiment.lidl.ch/media/catalog/product/cache/38c728e59b3a47950872534eff8a1e63/1/9/195012_SauerVitamine_PSXX.jpg"
},
{
  "_id": {
    "$oid": "66f3a39dd23ade1eec55faad"
  },
  "unique_id": "5102771",
  "product_name": "Davoser Bergkäse",
  "brand": "Fromani typisch",
  "regular_price": 3.99,
  "selling_price": 3.99,
  "price_per_unit": "pro 185g | 100g = 2.16 CHF",
  "breadcrumb": "Sortiment > Sortiment > Davoser Bergkäse",
  "pdp_url": "https://sortiment.lidl.ch/de/davoser-bergkaese-5102771",
  "product_description": "Artikelnr.: 5102771",
  "producthierarchy_level1": "Sortiment",
  "producthierarchy_level2": "Sortiment",
  "producthierarchy_level3": "Davoser Bergkäse",
  "producthierarchy_level4": "",
  "producthierarchy_level5": "",
  "producthierarchy_level6": "",
  "producthierarchy_level7": "",
  "currency": "Swiss franc",
  "file_name_1": "5102771_1.jpg",
  "image_url_1": "https://sortiment.lidl.ch/media/catalog/product/cache/38c728e59b3a47950872534eff8a1e63/5/1/5102771_Davoser_FKBF.jpg"
},
{
  "_id": {
    "$oid": "66f3a39ed23ade1eec55faae"
  },
  "unique_id": "190905",
  "product_name": "MSC Alaska Seelachsfilet",
  "brand": "Ocean Sea",
  "regular_price": 6.59,
  "selling_price": 6.59,
  "price_per_unit": "pro 800g, 1000g Abtropfgewicht | 100g = 0.83, 0.66 CHF",
  "breadcrumb": "Sortiment > Sortiment > MSC Alaska Seelachsfilet",
  "pdp_url": "https://sortiment.lidl.ch/de/msc-alaska-seelachsfilet-0190905",
  "product_description": "Artikelnr.: 190905",
  "producthierarchy_level1": "Sortiment",
  "producthierarchy_level2": "Sortiment",
  "producthierarchy_level3": "MSC Alaska Seelachsfilet",
  "producthierarchy_level4": "",
  "producthierarchy_level5": "",
  "producthierarchy_level6": "",
  "producthierarchy_level7": "",
  "currency": "Swiss franc",
  "file_name_1": "190905_1.jpg",
  "image_url_1": "https://sortiment.lidl.ch/media/amasty/amoptmobile/catalog/product/cache/38c728e59b3a47950872534eff8a1e63/1/9/190905_Natur_PSXX.jpg",
  "file_name_2": "190905_2.jpg",
  "image_url_2": "https://sortiment.lidl.ch/media/catalog/product/cache/38c728e59b3a47950872534eff8a1e63/1/9/190905_paniert_PSXX.jpg"
},
{
  "_id": {
    "$oid": "66f3a39fd23ade1eec55faaf"
  },
  "unique_id": "188106",
  "product_name": "Bardolino DOC",
  "brand": "Giulio Pasotti",
  "regular_price": 3.79,
  "selling_price": 3.79,
  "price_per_unit": "pro 0,75l | 1L = 5.06 CHF",
  "breadcrumb": "Sortiment > Sortiment > Bardolino DOC",
  "pdp_url": "https://sortiment.lidl.ch/de/bardolino-doc-0188106",
  "product_description": "Artikelnr.: 188106",
  "producthierarchy_level1": "Sortiment",
  "producthierarchy_level2": "Sortiment",
  "producthierarchy_level3": "Bardolino DOC",
  "producthierarchy_level4": "",
  "producthierarchy_level5": "",
  "producthierarchy_level6": "",
  "producthierarchy_level7": "",
  "currency": "Swiss franc",
  "file_name_1": "188106_1.jpg",
  "image_url_1": "https://sortiment.lidl.ch/media/catalog/product/cache/38c728e59b3a47950872534eff8a1e63/1/8/188106_PSWE.jpg"
},
{
  "_id": {
    "$oid": "66f3a3a1d23ade1eec55fab0"
  },
  "unique_id": "195037",
  "product_name": "Katjes Wunderland",
  "brand": "Katjes",
  "regular_price": 1.69,
  "selling_price": 1.69,
  "price_per_unit": "pro 175g | 100g = 0.97 CHF",
  "breadcrumb": "Sortiment > Sortiment > Katjes Wunderland",
  "pdp_url": "https://sortiment.lidl.ch/de/katjes-wunderland-0195037",
  "product_description": "Artikelnr.: 195037",
  "producthierarchy_level1": "Sortiment",
  "producthierarchy_level2": "Sortiment",
  "producthierarchy_level3": "Katjes Wunderland",
  "producthierarchy_level4": "",
  "producthierarchy_level5": "",
  "producthierarchy_level6": "",
  "producthierarchy_level7": "",
  "currency": "Swiss franc",
  "file_name_1": "195037_1.jpg",
  "image_url_1": "https://sortiment.lidl.ch/media/catalog/product/cache/38c728e59b3a47950872534eff8a1e63/1/9/195037_Party_PSXX.jpg",
  "file_name_2": "195037_2.jpg",
  "image_url_2": "https://sortiment.lidl.ch/media/catalog/product/cache/38c728e59b3a47950872534eff8a1e63/1/9/195037_Pink_PSXX.jpg",
  "file_name_3": "195037_3.jpg",
  "image_url_3": "https://sortiment.lidl.ch/media/catalog/product/cache/38c728e59b3a47950872534eff8a1e63/1/9/195037_Rainbow_PSXX.jpg"
},
{
  "_id": {
    "$oid": "66f3a3a3d23ade1eec55fab1"
  },
  "unique_id": "192813",
  "product_name": "aufgebrühter Eiste",
  "brand": "Freeway",
  "regular_price": 0.79,
  "selling_price": 0.79,
  "price_per_unit": "pro 1l",
  "breadcrumb": "Sortiment > Sortiment > aufgebrühter Eiste",
  "pdp_url": "https://sortiment.lidl.ch/de/aufgebruehter-eiste-0192813",
  "product_description": "Artikelnr.: 192813",
  "producthierarchy_level1": "Sortiment",
  "producthierarchy_level2": "Sortiment",
  "producthierarchy_level3": "aufgebrühter Eiste",
  "producthierarchy_level4": "",
  "producthierarchy_level5": "",
  "producthierarchy_level6": "",
  "producthierarchy_level7": "",
  "currency": "Swiss franc",
  "file_name_1": "192813_1.jpg",
  "image_url_1": "https://sortiment.lidl.ch/media/catalog/product/cache/38c728e59b3a47950872534eff8a1e63/1/9/192813_Peach_PSXX.jpg",
  "file_name_2": "192813_2.jpg",
  "image_url_2": "https://sortiment.lidl.ch/media/catalog/product/cache/38c728e59b3a47950872534eff8a1e63/1/9/192813_Zitrone_PSXX.jpg"
},
{
  "_id": {
    "$oid": "66f3a3a4d23ade1eec55fab2"
  },
  "unique_id": "5111843",
  "product_name": "Terra Natura Butterweggli",
  "brand": "",
  "regular_price": 0.59,
  "selling_price": 0.59,
  "price_per_unit": "pro 60g | 100g = 0.99 CHF",
  "breadcrumb": "Sortiment > Sortiment > Terra Natura Butterweggli",
  "pdp_url": "https://sortiment.lidl.ch/de/terra-natura-butterweggli-5111843",
  "product_description": "Artikelnr.: 5111843 Butterweggli, aufgetaut. Zutaten: Weizenweissmehl *, Wasser, 8% Butter , Hefe, Eier **, jodiertes Speisesalz (Speisesalz, Kaliumiodat), Weizenkleber , Buttermilchpulver , Gerstenmalzmehl , Laktose , Dextrose, Weizenstärke , Mehlbehandlungsmittel: Ascorbinsäure. Kann Spuren von Erdnüssen, Soja, Schalenfrüchten, Sellerie, Senf, Sesam und Sulfiten enthalten . *in IP-SUISSE-Qualität **Eier aus Bodenhaltung.  Hergestellt in der Schweiz.",
  "producthierarchy_level1": "Sortiment",
  "producthierarchy_level2": "Sortiment",
  "producthierarchy_level3": "Terra Natura Butterweggli",
  "producthierarchy_level4": "",
  "producthierarchy_level5": "",
  "producthierarchy_level6": "",
  "producthierarchy_level7": "",
  "currency": "Swiss franc",
  "file_name_1": "5111843_1.jpg",
  "image_url_1": "https://sortiment.lidl.ch/media/catalog/product/cache/38c728e59b3a47950872534eff8a1e63/5/1/5111843_FKBF.jpg"
},
{
  "_id": {
    "$oid": "66f3a3a5d23ade1eec55fab3"
  },
  "unique_id": "5111442",
  "product_name": "Bauernspeck",
  "brand": "Maestade",
  "regular_price": 2.99,
  "selling_price": 2.99,
  "price_per_unit": "pro 100g",
  "breadcrumb": "Sortiment > Sortiment > Bauernspeck",
  "pdp_url": "https://sortiment.lidl.ch/de/bauernspeck-5111442",
  "product_description": "Artikelnr.: 5111442",
  "producthierarchy_level1": "Sortiment",
  "producthierarchy_level2": "Sortiment",
  "producthierarchy_level3": "Bauernspeck",
  "producthierarchy_level4": "",
  "producthierarchy_level5": "",
  "producthierarchy_level6": "",
  "producthierarchy_level7": "",
  "currency": "Swiss franc",
  "file_name_1": "5111442_1.jpg",
  "image_url_1": "https://sortiment.lidl.ch/media/catalog/product/cache/38c728e59b3a47950872534eff8a1e63/5/1/5111442_Kraeuter_PSXX.jpg",
  "file_name_2": "5111442_2.jpg",
  "image_url_2": "https://sortiment.lidl.ch/media/catalog/product/cache/38c728e59b3a47950872534eff8a1e63/5/1/5111442_geschnitten_PSXX.jpg"
},
{
  "_id": {
    "$oid": "66f3a3a7d23ade1eec55fab4"
  },
  "unique_id": "195029",
  "product_name": "Katjes Fruchtgummi",
  "brand": "Katjes",
  "regular_price": 1.69,
  "selling_price": 1.69,
  "price_per_unit": "pro 175g | 100g = 0.97 CHF",
  "breadcrumb": "Sortiment > Sortiment > Katjes Fruchtgummi",
  "pdp_url": "https://sortiment.lidl.ch/de/katjes-fruchtgummi-0195029",
  "product_description": "Artikelnr.: 195029",
  "producthierarchy_level1": "Sortiment",
  "producthierarchy_level2": "Sortiment",
  "producthierarchy_level3": "Katjes Fruchtgummi",
  "producthierarchy_level4": "",
  "producthierarchy_level5": "",
  "producthierarchy_level6": "",
  "producthierarchy_level7": "",
  "currency": "Swiss franc",
  "file_name_1": "195029_1.jpg",
  "image_url_1": "https://sortiment.lidl.ch/media/catalog/product/cache/38c728e59b3a47950872534eff8a1e63/1/9/195029_FredFerkel_PSXX.jpg",
  "file_name_2": "195029_2.jpg",
  "image_url_2": "https://sortiment.lidl.ch/media/catalog/product/cache/38c728e59b3a47950872534eff8a1e63/1/9/195029_GruenOhrBaerchen_PSXX.jpg",
  "file_name_3": "195029_3.jpg",
  "image_url_3": "https://sortiment.lidl.ch/media/catalog/product/cache/38c728e59b3a47950872534eff8a1e63/1/9/195029_GruenOhrHase_PSXX.jpg",
  "file_name_4": "195029_4.jpg",
  "image_url_4": "https://sortiment.lidl.ch/media/catalog/product/cache/38c728e59b3a47950872534eff8a1e63/1/9/195029_KatzenPfoetchen_PSXX.jpg",
  "file_name_5": "195029_5.jpg",
  "image_url_5": "https://sortiment.lidl.ch/media/catalog/product/cache/38c728e59b3a47950872534eff8a1e63/1/9/195029_PeaceLove_PSXX.jpg",
  "file_name_6": "195029_6.jpg",
  "image_url_6": "https://sortiment.lidl.ch/media/catalog/product/cache/38c728e59b3a47950872534eff8a1e63/1/9/195029_SalzigeHeringe_PSXX.jpg",
  "file_name_7": "195029_7.jpg",
  "image_url_7": "https://sortiment.lidl.ch/media/catalog/product/cache/38c728e59b3a47950872534eff8a1e63/1/9/195029_SheroesMix_PSXX.jpg",
  "file_name_8": "195029_8.jpg",
  "image_url_8": "https://sortiment.lidl.ch/media/catalog/product/cache/38c728e59b3a47950872534eff8a1e63/1/9/195029_Tappsy_PSXX.jpg",
  "file_name_9": "195029_9.jpg",
  "image_url_9": "https://sortiment.lidl.ch/media/catalog/product/cache/38c728e59b3a47950872534eff8a1e63/1/9/195029_Tropenfruechte_PSXX.jpg",
  "file_name_10": "195029_10.jpg",
  "image_url_10": "https://sortiment.lidl.ch/media/catalog/product/cache/38c728e59b3a47950872534eff8a1e63/1/9/195029_YoghurtGums_PSXX.jpg"
},
{
  "_id": {
    "$oid": "66f3a3a9d23ade1eec55fab5"
  },
  "unique_id": "1800079",
  "product_name": "Heinz Tomato Ketchup",
  "brand": "Heinz",
  "regular_price": 5.35,
  "selling_price": 5.35,
  "price_per_unit": "pro 800ml | 1L = 6.69 CHF",
  "breadcrumb": "Sortiment > Sortiment > Heinz Tomato Ketchup",
  "pdp_url": "https://sortiment.lidl.ch/de/heinz-tomato-ketchup-1800079",
  "product_description": "Artikelnr.: 1800079",
  "producthierarchy_level1": "Sortiment",
  "producthierarchy_level2": "Sortiment",
  "producthierarchy_level3": "Heinz Tomato Ketchup",
  "producthierarchy_level4": "",
  "producthierarchy_level5": "",
  "producthierarchy_level6": "",
  "producthierarchy_level7": "",
  "currency": "Swiss franc",
  "file_name_1": "1800079_1.jpg",
  "image_url_1": "https://sortiment.lidl.ch/media/catalog/product/cache/38c728e59b3a47950872534eff8a1e63/1/8/1800079_PSXX.jpg"
},
{
  "_id": {
    "$oid": "66f3a3aad23ade1eec55fab6"
  },
  "unique_id": "80818",
  "product_name": "Heidelbeeren 400g",
  "brand": "",
  "regular_price": 5.49,
  "selling_price": 5.49,
  "price_per_unit": "pro 400g | 100g = 1.38 CHF",
  "breadcrumb": "Sortiment > Sortiment > Heidelbeeren 400g",
  "pdp_url": "https://sortiment.lidl.ch/de/heidelbeeren-400g-0080818",
  "product_description": "Artikelnr.: 80818",
  "producthierarchy_level1": "Sortiment",
  "producthierarchy_level2": "Sortiment",
  "producthierarchy_level3": "Heidelbeeren 400g",
  "producthierarchy_level4": "",
  "producthierarchy_level5": "",
  "producthierarchy_level6": "",
  "producthierarchy_level7": "",
  "currency": "Swiss franc",
  "file_name_1": "80818_1.jpg",
  "image_url_1": "https://sortiment.lidl.ch/media/catalog/product/cache/38c728e59b3a47950872534eff8a1e63/8/0/80818_Heidelbeeren_OGFG.jpg"
},
{
  "_id": {
    "$oid": "66f3a3abd23ade1eec55fab7"
  },
  "unique_id": "191010",
  "product_name": "Capri Sun Multivitamin",
  "brand": "Capri Sun",
  "regular_price": 5.89,
  "selling_price": 5.89,
  "price_per_unit": "pro 10x0,2l | 1L = 2.95 CHF",
  "breadcrumb": "Sortiment > Sortiment > Capri Sun Multivitamin",
  "pdp_url": "https://sortiment.lidl.ch/de/capri-sun-multivitamin-0191010",
  "product_description": "Artikelnr.: 191010",
  "producthierarchy_level1": "Sortiment",
  "producthierarchy_level2": "Sortiment",
  "producthierarchy_level3": "Capri Sun Multivitamin",
  "producthierarchy_level4": "",
  "producthierarchy_level5": "",
  "producthierarchy_level6": "",
  "producthierarchy_level7": "",
  "currency": "Swiss franc",
  "file_name_1": "191010_1.jpg",
  "image_url_1": "https://sortiment.lidl.ch/media/catalog/product/cache/38c728e59b3a47950872534eff8a1e63/1/9/191010_PSXX.jpg"
},
{
  "_id": {
    "$oid": "66f3a3acd23ade1eec55fab8"
  },
  "unique_id": "181214",
  "product_name": "Bio Dillspitzen gerebelt",
  "brand": "Kania",
  "regular_price": 1.49,
  "selling_price": 1.49,
  "price_per_unit": "pro 12g | 100g = 12.42 CHF",
  "breadcrumb": "Sortiment > Sortiment > Bio Dillspitzen gerebelt",
  "pdp_url": "https://sortiment.lidl.ch/de/bio-dillspitzen-gerebelt-0181214",
  "product_description": "Artikelnr.: 181214",
  "producthierarchy_level1": "Sortiment",
  "producthierarchy_level2": "Sortiment",
  "producthierarchy_level3": "Bio Dillspitzen gerebelt",
  "producthierarchy_level4": "",
  "producthierarchy_level5": "",
  "producthierarchy_level6": "",
  "producthierarchy_level7": "",
  "currency": "Swiss franc",
  "file_name_1": "181214_1.jpg",
  "image_url_1": "https://sortiment.lidl.ch/media/catalog/product/cache/38c728e59b3a47950872534eff8a1e63/1/8/181214_PSXX.jpg"
},
{
  "_id": {
    "$oid": "66f3a3aed23ade1eec55fab9"
  },
  "unique_id": "5111279",
  "product_name": "Kleinflaschen Wallis AOC",
  "brand": "",
  "regular_price": 3.25,
  "selling_price": 3.25,
  "price_per_unit": "pro 0,25l | 1L = 13.00 CHF",
  "breadcrumb": "Sortiment > Sortiment > Kleinflaschen Wallis AOC",
  "pdp_url": "https://sortiment.lidl.ch/de/kleinflaschen-wallis-aoc-5111279",
  "product_description": "Artikelnr.: 5111279",
  "producthierarchy_level1": "Sortiment",
  "producthierarchy_level2": "Sortiment",
  "producthierarchy_level3": "Kleinflaschen Wallis AOC",
  "producthierarchy_level4": "",
  "producthierarchy_level5": "",
  "producthierarchy_level6": "",
  "producthierarchy_level7": "",
  "currency": "Swiss franc",
  "file_name_1": "5111279_1.jpg",
  "image_url_1": "https://sortiment.lidl.ch/media/catalog/product/cache/38c728e59b3a47950872534eff8a1e63/5/1/5111279_Rose_PSWE.jpg",
  "file_name_2": "5111279_2.jpg",
  "image_url_2": "https://sortiment.lidl.ch/media/catalog/product/cache/38c728e59b3a47950872534eff8a1e63/5/1/5111279_Rotwein_PSWE.jpg",
  "file_name_3": "5111279_3.jpg",
  "image_url_3": "https://sortiment.lidl.ch/media/catalog/product/cache/38c728e59b3a47950872534eff8a1e63/5/1/5111279_Weisswein_PSWE.jpg"
},
{
  "_id": {
    "$oid": "66f3a3afd23ade1eec55faba"
  },
  "unique_id": "5110452",
  "product_name": "Bio Chasselas Vaudoise",
  "brand": "",
  "regular_price": 6.99,
  "selling_price": 6.99,
  "price_per_unit": "pro 0,75l | 1L = 9.32 CHF",
  "breadcrumb": "Sortiment > Sortiment > Bio Chasselas Vaudoise",
  "pdp_url": "https://sortiment.lidl.ch/de/bio-chasselas-vaudoise-5110452",
  "product_description": "Artikelnr.: 5110452",
  "producthierarchy_level1": "Sortiment",
  "producthierarchy_level2": "Sortiment",
  "producthierarchy_level3": "Bio Chasselas Vaudoise",
  "producthierarchy_level4": "",
  "producthierarchy_level5": "",
  "producthierarchy_level6": "",
  "producthierarchy_level7": "",
  "currency": "Swiss franc",
  "file_name_1": "5110452_1.jpg",
  "image_url_1": "https://sortiment.lidl.ch/media/catalog/product/cache/38c728e59b3a47950872534eff8a1e63/5/1/5110452_PSWE.jpg"
},
{
  "_id": {
    "$oid": "66f3a3b1d23ade1eec55fabb"
  },
  "unique_id": "6000888",
  "product_name": "Scamorza",
  "brand": "Milbona",
  "regular_price": 3.49,
  "selling_price": 3.49,
  "price_per_unit": "pro 300g | 100g = 1.17 CHF",
  "breadcrumb": "Sortiment > Sortiment > Scamorza",
  "pdp_url": "https://sortiment.lidl.ch/de/scamorza-6000888",
  "product_description": "Artikelnr.: 6000888",
  "producthierarchy_level1": "Sortiment",
  "producthierarchy_level2": "Sortiment",
  "producthierarchy_level3": "Scamorza",
  "producthierarchy_level4": "",
  "producthierarchy_level5": "",
  "producthierarchy_level6": "",
  "producthierarchy_level7": "",
  "currency": "Swiss franc",
  "file_name_1": "6000888_1.jpg",
  "image_url_1": "https://sortiment.lidl.ch/media/catalog/product/cache/38c728e59b3a47950872534eff8a1e63/6/0/6000888_FKBF.jpg",
  "file_name_2": "6000888_2.jpg",
  "image_url_2": "https://sortiment.lidl.ch/media/catalog/product/cache/38c728e59b3a47950872534eff8a1e63/6/0/6000888_geraeuchert_FKBF.jpg"
},
{
  "_id": {
    "$oid": "66f3a3b2d23ade1eec55fabc"
  },
  "unique_id": "5111304",
  "product_name": "Schweizer Blattspinat",
  "brand": "Freshona",
  "regular_price": 3.49,
  "selling_price": 3.49,
  "price_per_unit": "pro 750g | 100g = 0.47 CHF",
  "breadcrumb": "Sortiment > Sortiment > Schweizer Blattspinat",
  "pdp_url": "https://sortiment.lidl.ch/de/schweizer-blattspinat-5111304",
  "product_description": "Artikelnr.: 5111304",
  "producthierarchy_level1": "Sortiment",
  "producthierarchy_level2": "Sortiment",
  "producthierarchy_level3": "Schweizer Blattspinat",
  "producthierarchy_level4": "",
  "producthierarchy_level5": "",
  "producthierarchy_level6": "",
  "producthierarchy_level7": "",
  "currency": "Swiss franc",
  "file_name_1": "5111304_1.jpg",
  "image_url_1": "https://sortiment.lidl.ch/media/catalog/product/cache/38c728e59b3a47950872534eff8a1e63/5/1/5111304_PSXX.jpg"
},
{
  "_id": {
    "$oid": "66f3a3b3d23ade1eec55fabd"
  },
  "unique_id": "5111811",
  "product_name": "Alustar Aluminiumfolie",
  "brand": "Alustar",
  "regular_price": 4.25,
  "selling_price": 4.25,
  "price_per_unit": "pro Stück",
  "breadcrumb": "Sortiment > Sortiment > Alustar Aluminiumfolie",
  "pdp_url": "https://sortiment.lidl.ch/de/alustar-aluminiumfolie-5111811",
  "product_description": "Artikelnr.: 5111811",
  "producthierarchy_level1": "Sortiment",
  "producthierarchy_level2": "Sortiment",
  "producthierarchy_level3": "Alustar Aluminiumfolie",
  "producthierarchy_level4": "",
  "producthierarchy_level5": "",
  "producthierarchy_level6": "",
  "producthierarchy_level7": "",
  "currency": "Swiss franc",
  "file_name_1": "5111811_1.jpg",
  "image_url_1": "https://sortiment.lidl.ch/media/catalog/product/cache/38c728e59b3a47950872534eff8a1e63/5/1/5111811_PSXX.jpg"
},
{
  "_id": {
    "$oid": "66f3a3b4d23ade1eec55fabe"
  },
  "unique_id": "187448",
  "product_name": "Meridol Zahnpasta Zahnfleischschutz",
  "brand": "Meridol",
  "regular_price": 5.15,
  "selling_price": 5.15,
  "price_per_unit": "pro 75ml | 100g = 6.87 CHF",
  "breadcrumb": "Sortiment > Sortiment > Meridol Zahnpasta Zahnfleischschutz",
  "pdp_url": "https://sortiment.lidl.ch/de/meridol-zahnpasta-zahnfleischschutz-0187448",
  "product_description": "Artikelnr.: 187448",
  "producthierarchy_level1": "Sortiment",
  "producthierarchy_level2": "Sortiment",
  "producthierarchy_level3": "Meridol Zahnpasta Zahnfleischschutz",
  "producthierarchy_level4": "",
  "producthierarchy_level5": "",
  "producthierarchy_level6": "",
  "producthierarchy_level7": "",
  "currency": "Swiss franc",
  "file_name_1": "187448_1.jpg",
  "image_url_1": "https://sortiment.lidl.ch/media/catalog/product/cache/38c728e59b3a47950872534eff8a1e63/1/8/187448_PSXX.jpg"
},
{
  "_id": {
    "$oid": "66f3a3b6d23ade1eec55fabf"
  },
  "unique_id": "184680",
  "product_name": "Magnesium Brause-Tabletten",
  "brand": "Optisana",
  "regular_price": 1.99,
  "selling_price": 1.99,
  "price_per_unit": "pro 12 Stück | 1 Stk = 0.17 CHF",
  "breadcrumb": "Sortiment > Sortiment > Magnesium Brause-Tabletten",
  "pdp_url": "https://sortiment.lidl.ch/de/magnesium-brause-tabletten-0184680",
  "product_description": "Artikelnr.: 184680",
  "producthierarchy_level1": "Sortiment",
  "producthierarchy_level2": "Sortiment",
  "producthierarchy_level3": "Magnesium Brause-Tabletten",
  "producthierarchy_level4": "",
  "producthierarchy_level5": "",
  "producthierarchy_level6": "",
  "producthierarchy_level7": "",
  "currency": "Swiss franc",
  "file_name_1": "184680_1.jpg",
  "image_url_1": "https://sortiment.lidl.ch/media/catalog/product/cache/38c728e59b3a47950872534eff8a1e63/1/8/184680_01_PSXX.jpg",
  "file_name_2": "184680_2.jpg",
  "image_url_2": "https://sortiment.lidl.ch/media/catalog/product/cache/38c728e59b3a47950872534eff8a1e63/1/8/184680_02_PSXX.jpg"
},
{
  "_id": {
    "$oid": "66f3a3b7d23ade1eec55fac0"
  },
  "unique_id": "155852",
  "product_name": "Kaffeebohnen Barista Crema",
  "brand": "Bellarom",
  "regular_price": 10.99,
  "selling_price": 10.99,
  "price_per_unit": "pro 1kg",
  "breadcrumb": "Sortiment > Sortiment > Kaffeebohnen Barista Crema",
  "pdp_url": "https://sortiment.lidl.ch/de/kaffeebohnen-barista-crema-0155852",
  "product_description": "Artikelnr.: 155852",
  "producthierarchy_level1": "Sortiment",
  "producthierarchy_level2": "Sortiment",
  "producthierarchy_level3": "Kaffeebohnen Barista Crema",
  "producthierarchy_level4": "",
  "producthierarchy_level5": "",
  "producthierarchy_level6": "",
  "producthierarchy_level7": "",
  "currency": "Swiss franc",
  "file_name_1": "155852_1.jpg",
  "image_url_1": "https://sortiment.lidl.ch/media/catalog/product/cache/38c728e59b3a47950872534eff8a1e63/1/5/155852_Kolli_PSXX.jpg",
  "file_name_2": "155852_2.jpg",
  "image_url_2": "https://sortiment.lidl.ch/media/catalog/product/cache/38c728e59b3a47950872534eff8a1e63/1/5/155852_PSXX.jpg"
},
{
  "_id": {
    "$oid": "66f3a3b8d23ade1eec55fac1"
  },
  "unique_id": "155851",
  "product_name": "Kaffeebohnen Barista Espresso",
  "brand": "Bellarom",
  "regular_price": 10.99,
  "selling_price": 10.99,
  "price_per_unit": "pro 1kg",
  "breadcrumb": "Sortiment > Sortiment > Kaffeebohnen Barista Espresso",
  "pdp_url": "https://sortiment.lidl.ch/de/kaffeebohnen-barista-espresso-0155851",
  "product_description": "Artikelnr.: 155851",
  "producthierarchy_level1": "Sortiment",
  "producthierarchy_level2": "Sortiment",
  "producthierarchy_level3": "Kaffeebohnen Barista Espresso",
  "producthierarchy_level4": "",
  "producthierarchy_level5": "",
  "producthierarchy_level6": "",
  "producthierarchy_level7": "",
  "currency": "Swiss franc",
  "file_name_1": "155851_1.jpg",
  "image_url_1": "https://sortiment.lidl.ch/media/catalog/product/cache/38c728e59b3a47950872534eff8a1e63/1/5/155851_Kolli_PSXX.jpg",
  "file_name_2": "155851_2.jpg",
  "image_url_2": "https://sortiment.lidl.ch/media/catalog/product/cache/38c728e59b3a47950872534eff8a1e63/1/5/155851_PSXX.jpg"
},
{
  "_id": {
    "$oid": "66f3a3b9d23ade1eec55fac2"
  },
  "unique_id": "6600113",
  "product_name": "Amerikanische Pfannkuchen",
  "brand": "Chef Select & You",
  "regular_price": 3.79,
  "selling_price": 3.79,
  "price_per_unit": "pro 300g | 100g = 1.27 CHF",
  "breadcrumb": "Sortiment > Sortiment > Amerikanische Pfannkuchen",
  "pdp_url": "https://sortiment.lidl.ch/de/amerikanische-pfannkuchen-6600113",
  "product_description": "Artikelnr.: 6600113",
  "producthierarchy_level1": "Sortiment",
  "producthierarchy_level2": "Sortiment",
  "producthierarchy_level3": "Amerikanische Pfannkuchen",
  "producthierarchy_level4": "",
  "producthierarchy_level5": "",
  "producthierarchy_level6": "",
  "producthierarchy_level7": "",
  "currency": "Swiss franc",
  "file_name_1": "6600113_1.jpg",
  "image_url_1": "https://sortiment.lidl.ch/media/catalog/product/cache/38c728e59b3a47950872534eff8a1e63/6/6/6600113_PSXX.jpg"
},
{
  "_id": {
    "$oid": "66f3a3bbd23ade1eec55fac3"
  },
  "unique_id": "174369",
  "product_name": "Bio Grana Padano DOP",
  "brand": "Milbona",
  "regular_price": 2.59,
  "selling_price": 2.59,
  "price_per_unit": "pro 100g",
  "breadcrumb": "Sortiment > Sortiment > Bio Grana Padano DOP",
  "pdp_url": "https://sortiment.lidl.ch/de/bio-grana-padano-dop-0174369",
  "product_description": "Artikelnr.: 174369",
  "producthierarchy_level1": "Sortiment",
  "producthierarchy_level2": "Sortiment",
  "producthierarchy_level3": "Bio Grana Padano DOP",
  "producthierarchy_level4": "",
  "producthierarchy_level5": "",
  "producthierarchy_level6": "",
  "producthierarchy_level7": "",
  "currency": "Swiss franc",
  "file_name_1": "174369_1.jpg",
  "image_url_1": "https://sortiment.lidl.ch/media/catalog/product/cache/38c728e59b3a47950872534eff8a1e63/1/7/174369_PSXX.jpg"
},
{
  "_id": {
    "$oid": "66f3a3bcd23ade1eec55fac4"
  },
  "unique_id": "7601000",
  "product_name": "High Protein Quarkriegel",
  "brand": "Milbona",
  "regular_price": 0.99,
  "selling_price": 0.99,
  "price_per_unit": "pro 40g | 100g = 2.48 CHF",
  "breadcrumb": "Sortiment > Sortiment > High Protein Quarkriegel",
  "pdp_url": "https://sortiment.lidl.ch/de/high-protein-quarkriegel-7601000",
  "product_description": "Artikelnr.: 7601000",
  "producthierarchy_level1": "Sortiment",
  "producthierarchy_level2": "Sortiment",
  "producthierarchy_level3": "High Protein Quarkriegel",
  "producthierarchy_level4": "",
  "producthierarchy_level5": "",
  "producthierarchy_level6": "",
  "producthierarchy_level7": "",
  "currency": "Swiss franc",
  "file_name_1": "7601000_1.jpg",
  "image_url_1": "https://sortiment.lidl.ch/media/amasty/amoptmobile/catalog/product/cache/38c728e59b3a47950872534eff8a1e63/7/6/7601000_PSXX.jpg"
},
{
  "_id": {
    "$oid": "66f3a3bdd23ade1eec55fac5"
  },
  "unique_id": "181055",
  "product_name": "Way To Go Milchschokolade",
  "brand": "Fairglobe",
  "regular_price": 2.39,
  "selling_price": 2.39,
  "price_per_unit": "pro 180g | 100g = 1.33 CHF",
  "breadcrumb": "Sortiment > Sortiment > Way To Go Milchschokolade",
  "pdp_url": "https://sortiment.lidl.ch/de/way-to-go-milchschokolade-0181055",
  "product_description": "Artikelnr.: 181055",
  "producthierarchy_level1": "Sortiment",
  "producthierarchy_level2": "Sortiment",
  "producthierarchy_level3": "Way To Go Milchschokolade",
  "producthierarchy_level4": "",
  "producthierarchy_level5": "",
  "producthierarchy_level6": "",
  "producthierarchy_level7": "",
  "currency": "Swiss franc",
  "file_name_1": "181055_1.jpg",
  "image_url_1": "https://sortiment.lidl.ch/media/catalog/product/cache/38c728e59b3a47950872534eff8a1e63/1/8/181055_PSXX.jpg"
},
{
  "_id": {
    "$oid": "66f3a3bed23ade1eec55fac6"
  },
  "unique_id": "119408",
  "product_name": "Bio Orangensaft",
  "brand": "Solevita",
  "regular_price": 1.99,
  "selling_price": 1.99,
  "price_per_unit": "pro 1l",
  "breadcrumb": "Sortiment > Sortiment > Bio Orangensaft",
  "pdp_url": "https://sortiment.lidl.ch/de/bio-orangensaft-0119408",
  "product_description": "Artikelnr.: 119408",
  "producthierarchy_level1": "Sortiment",
  "producthierarchy_level2": "Sortiment",
  "producthierarchy_level3": "Bio Orangensaft",
  "producthierarchy_level4": "",
  "producthierarchy_level5": "",
  "producthierarchy_level6": "",
  "producthierarchy_level7": "",
  "currency": "Swiss franc",
  "file_name_1": "119408_1.jpg",
  "image_url_1": "https://sortiment.lidl.ch/media/catalog/product/cache/38c728e59b3a47950872534eff8a1e63/1/1/119408_PSXX.jpg"
},
{
  "_id": {
    "$oid": "66f3a3bfd23ade1eec55fac7"
  },
  "unique_id": "186841",
  "product_name": "Bio Pfeffer / Bio Knoblauch",
  "brand": "Kania",
  "regular_price": 1.49,
  "selling_price": 1.49,
  "price_per_unit": "pro 45g, 60g | 100g = 3.32, 2.49 CHF",
  "breadcrumb": "Sortiment > Sortiment > Bio Pfeffer / Bio Knoblauch",
  "pdp_url": "https://sortiment.lidl.ch/de/bio-pfeffer-bio-knoblauch-0186841",
  "product_description": "Artikelnr.: 186841",
  "producthierarchy_level1": "Sortiment",
  "producthierarchy_level2": "Sortiment",
  "producthierarchy_level3": "Bio Pfeffer / Bio Knoblauch",
  "producthierarchy_level4": "",
  "producthierarchy_level5": "",
  "producthierarchy_level6": "",
  "producthierarchy_level7": "",
  "currency": "Swiss franc",
  "file_name_1": "186841_1.jpg",
  "image_url_1": "https://sortiment.lidl.ch/media/catalog/product/cache/38c728e59b3a47950872534eff8a1e63/1/8/186841_Knoblauch_PSXX.jpg",
  "file_name_2": "186841_2.jpg",
  "image_url_2": "https://sortiment.lidl.ch/media/catalog/product/cache/38c728e59b3a47950872534eff8a1e63/1/8/186841_Pfeffer_PSXX.jpg"
},
{
  "_id": {
    "$oid": "66f3a3c1d23ade1eec55fac8"
  },
  "unique_id": "111328",
  "product_name": "Ferrero Kinder Bueno White",
  "brand": "Ferrero",
  "regular_price": 2.69,
  "selling_price": 2.69,
  "price_per_unit": "pro 117g | 100g = 2.30 CHF",
  "breadcrumb": "Sortiment > Sortiment > Ferrero Kinder Bueno White",
  "pdp_url": "https://sortiment.lidl.ch/de/ferrero-kinder-bueno-white-0111328",
  "product_description": "Artikelnr.: 111328",
  "producthierarchy_level1": "Sortiment",
  "producthierarchy_level2": "Sortiment",
  "producthierarchy_level3": "Ferrero Kinder Bueno White",
  "producthierarchy_level4": "",
  "producthierarchy_level5": "",
  "producthierarchy_level6": "",
  "producthierarchy_level7": "",
  "currency": "Swiss franc",
  "file_name_1": "111328_1.jpg",
  "image_url_1": "https://sortiment.lidl.ch/media/catalog/product/cache/38c728e59b3a47950872534eff8a1e63/1/1/111328_PSXX.jpg"
},
{
  "_id": {
    "$oid": "66f3a3c2d23ade1eec55fac9"
  },
  "unique_id": "84597",
  "product_name": "Bio Champignons braun",
  "brand": "BIO Organic",
  "regular_price": 1.79,
  "selling_price": 1.79,
  "price_per_unit": "pro 250g | 100g = 0.72 CHF",
  "breadcrumb": "Sortiment > Sortiment > Bio Champignons braun",
  "pdp_url": "https://sortiment.lidl.ch/de/bio-champignons-braun-0084597",
  "product_description": "Artikelnr.: 84597",
  "producthierarchy_level1": "Sortiment",
  "producthierarchy_level2": "Sortiment",
  "producthierarchy_level3": "Bio Champignons braun",
  "producthierarchy_level4": "",
  "producthierarchy_level5": "",
  "producthierarchy_level6": "",
  "producthierarchy_level7": "",
  "currency": "Swiss franc",
  "file_name_1": "84597_1.jpg",
  "image_url_1": "https://sortiment.lidl.ch/media/catalog/product/cache/38c728e59b3a47950872534eff8a1e63/8/4/84597_OGFG.jpg"
},
{
  "_id": {
    "$oid": "66f3a3c3d23ade1eec55faca"
  },
  "unique_id": "186994",
  "product_name": "SodaStream CO2 Zylinder Pink",
  "brand": "SodaStream",
  "regular_price": 24.99,
  "selling_price": 24.99,
  "price_per_unit": "pro 425g",
  "breadcrumb": "Sortiment > Sortiment > SodaStream CO2 Zylinder Pink",
  "pdp_url": "https://sortiment.lidl.ch/de/sodastream-co2-zylinder-pink-0186994",
  "product_description": "Artikelnr.: 186994",
  "producthierarchy_level1": "Sortiment",
  "producthierarchy_level2": "Sortiment",
  "producthierarchy_level3": "SodaStream CO2 Zylinder Pink",
  "producthierarchy_level4": "",
  "producthierarchy_level5": "",
  "producthierarchy_level6": "",
  "producthierarchy_level7": "",
  "currency": "Swiss franc",
  "file_name_1": "186994_1.jpg",
  "image_url_1": "https://sortiment.lidl.ch/media/catalog/product/cache/38c728e59b3a47950872534eff8a1e63/1/8/186994_PSXX.jpg"
},
{
  "_id": {
    "$oid": "66f3a3c4d23ade1eec55facb"
  },
  "unique_id": "5111451",
  "product_name": "Silserkranz",
  "brand": "",
  "regular_price": 2.95,
  "selling_price": 2.95,
  "price_per_unit": "pro 360g | 100g = 0.82 CHF",
  "breadcrumb": "Sortiment > Sortiment > Silserkranz",
  "pdp_url": "https://sortiment.lidl.ch/de/silserkranz-5111451",
  "product_description": "Artikelnr.: 5111451 Laugenbrot, aufgetaut. Zutaten: 50% Weizenmehl ,  Wasser, Rapsöl, Backhefe, Speisesalz, Butter , pflanzliche Fette und Öle (Kokosfett, Rapsöl, Rapsöl ganz gehärtet), Säureregulator: Natriumhydroxid, Dextrose, Weizenkleber , Gerstenmalzmehl , getrockneter Sauerteig ( Roggen , Weizen ), Weizenquellstärke , Roggenmehl , Emulgatoren: Milchsäureester von Mono- und Diglyceriden von Speisefettsäuren, Mono- und Diglyceride von Speisefettsäuren, Säuerungsmittel: Citronensäure, natürliches Aroma, Acerola-Fruchtpulver (auf Maltodextrin). Kann Spuren von Ei, Erdnüsse, Soja, Schalenfrüchte (Nüsse), Sellerie, Senf, Sesam und Sulfiten enthalten . Hergestellt in der Schweiz.",
  "producthierarchy_level1": "Sortiment",
  "producthierarchy_level2": "Sortiment",
  "producthierarchy_level3": "Silserkranz",
  "producthierarchy_level4": "",
  "producthierarchy_level5": "",
  "producthierarchy_level6": "",
  "producthierarchy_level7": "",
  "currency": "Swiss franc",
  "file_name_1": "5111451_1.jpg",
  "image_url_1": "https://sortiment.lidl.ch/media/catalog/product/cache/38c728e59b3a47950872534eff8a1e63/5/1/5111451_Silserkranz_FKBF.jpg"
},
{
  "_id": {
    "$oid": "66f3a3c5d23ade1eec55facc"
  },
  "unique_id": "195468",
  "product_name": "Eistee",
  "brand": "Solevita",
  "regular_price": 3.89,
  "selling_price": 3.89,
  "price_per_unit": "pro 9x0,5l | 1L = 0.87 CHF",
  "breadcrumb": "Sortiment > Sortiment > Eistee",
  "pdp_url": "https://sortiment.lidl.ch/de/eistee-0195468",
  "product_description": "Artikelnr.: 195468",
  "producthierarchy_level1": "Sortiment",
  "producthierarchy_level2": "Sortiment",
  "producthierarchy_level3": "Eistee",
  "producthierarchy_level4": "",
  "producthierarchy_level5": "",
  "producthierarchy_level6": "",
  "producthierarchy_level7": "",
  "currency": "Swiss franc",
  "file_name_1": "195468_1.jpg",
  "image_url_1": "https://sortiment.lidl.ch/media/catalog/product/cache/38c728e59b3a47950872534eff8a1e63/1/9/195468_Pfirsich_Pack_PSXX.jpg",
  "file_name_2": "195468_2.jpg",
  "image_url_2": "https://sortiment.lidl.ch/media/catalog/product/cache/38c728e59b3a47950872534eff8a1e63/1/9/195468_Zitrone_Pack_PSXX.jpg"
},
{
  "_id": {
    "$oid": "66f3a3c6d23ade1eec55facd"
  },
  "unique_id": "194830",
  "product_name": "Way to Go Orangensaft",
  "brand": "Fairglobe",
  "regular_price": 1.99,
  "selling_price": 1.99,
  "price_per_unit": "pro 1l",
  "breadcrumb": "Sortiment > Sortiment > Way to Go Orangensaft",
  "pdp_url": "https://sortiment.lidl.ch/de/way-to-go-orangensaft-0194830",
  "product_description": "Artikelnr.: 194830",
  "producthierarchy_level1": "Sortiment",
  "producthierarchy_level2": "Sortiment",
  "producthierarchy_level3": "Way to Go Orangensaft",
  "producthierarchy_level4": "",
  "producthierarchy_level5": "",
  "producthierarchy_level6": "",
  "producthierarchy_level7": "",
  "currency": "Swiss franc",
  "file_name_1": "194830_1.jpg",
  "image_url_1": "https://sortiment.lidl.ch/media/catalog/product/cache/38c728e59b3a47950872534eff8a1e63/1/9/194830_PSXX.jpg"
},
{
  "_id": {
    "$oid": "66f3a3c8d23ade1eec55face"
  },
  "unique_id": "188420",
  "product_name": "Fortezza dei Colli Chianti Classico Doca",
  "brand": "Fortezza dei Colli",
  "regular_price": 9.99,
  "selling_price": 9.99,
  "price_per_unit": "pro 0,75l | 1L = 13.32 CHF",
  "breadcrumb": "Sortiment > Sortiment > Fortezza dei Colli Chianti Classico Doca",
  "pdp_url": "https://sortiment.lidl.ch/de/fortezza-dei-colli-chianti-classico-doca-0188420",
  "product_description": "Artikelnr.: 188420",
  "producthierarchy_level1": "Sortiment",
  "producthierarchy_level2": "Sortiment",
  "producthierarchy_level3": "Fortezza dei Colli Chianti Classico Doca",
  "producthierarchy_level4": "",
  "producthierarchy_level5": "",
  "producthierarchy_level6": "",
  "producthierarchy_level7": "",
  "currency": "Swiss franc",
  "file_name_1": "188420_1.jpg",
  "image_url_1": "https://sortiment.lidl.ch/media/catalog/product/cache/38c728e59b3a47950872534eff8a1e63/1/8/188420_PSWE.jpg"
},
{
  "_id": {
    "$oid": "66f3a3c9d23ade1eec55facf"
  },
  "unique_id": "6007296",
  "product_name": "Gorgonzola DOP",
  "brand": "Milbona",
  "regular_price": 2.79,
  "selling_price": 2.79,
  "price_per_unit": "pro 200g | 100g = 1.40 CHF",
  "breadcrumb": "Sortiment > Sortiment > Gorgonzola DOP",
  "pdp_url": "https://sortiment.lidl.ch/de/gorgonzola-dop-6007296",
  "product_description": "Artikelnr.: 6007296",
  "producthierarchy_level1": "Sortiment",
  "producthierarchy_level2": "Sortiment",
  "producthierarchy_level3": "Gorgonzola DOP",
  "producthierarchy_level4": "",
  "producthierarchy_level5": "",
  "producthierarchy_level6": "",
  "producthierarchy_level7": "",
  "currency": "Swiss franc",
  "file_name_1": "6007296_1.jpg",
  "image_url_1": "https://sortiment.lidl.ch/media/catalog/product/cache/38c728e59b3a47950872534eff8a1e63/6/0/6007296_FKBF.jpg",
  "file_name_2": "6007296_2.jpg",
  "image_url_2": "https://sortiment.lidl.ch/media/catalog/product/cache/38c728e59b3a47950872534eff8a1e63/6/0/6007296_dolce_PSXX.jpg",
  "file_name_3": "6007296_3.jpg",
  "image_url_3": "https://sortiment.lidl.ch/media/catalog/product/cache/38c728e59b3a47950872534eff8a1e63/6/0/6007296_picante_PSXX.jpg"
},
{
  "_id": {
    "$oid": "66f3a3cad23ade1eec55fad0"
  },
  "unique_id": "1800027",
  "product_name": "Durex Kondome sort.",
  "brand": "Durex",
  "regular_price": 10.79,
  "selling_price": 10.79,
  "price_per_unit": "pro 10Stk | 1 Stk = 1.08 CHF",
  "breadcrumb": "Sortiment > Sortiment > Durex Kondome sort.",
  "pdp_url": "https://sortiment.lidl.ch/de/durex-kondome-sort-1800027",
  "product_description": "Artikelnr.: 1800027",
  "producthierarchy_level1": "Sortiment",
  "producthierarchy_level2": "Sortiment",
  "producthierarchy_level3": "Durex Kondome sort.",
  "producthierarchy_level4": "",
  "producthierarchy_level5": "",
  "producthierarchy_level6": "",
  "producthierarchy_level7": "",
  "currency": "Swiss franc",
  "file_name_1": "1800027_1.jpg",
  "image_url_1": "https://sortiment.lidl.ch/media/amasty/amoptmobile/catalog/product/cache/38c728e59b3a47950872534eff8a1e63/1/8/1800027_Gefuehlvoll_PSXX.jpg",
  "file_name_2": "1800027_2.jpg",
  "image_url_2": "https://sortiment.lidl.ch/media/catalog/product/cache/38c728e59b3a47950872534eff8a1e63/1/8/1800027_UeberraschMich_PSXX.jpg"
},
{
  "_id": {
    "$oid": "66f3a3ccd23ade1eec55fad1"
  },
  "unique_id": "5111428",
  "product_name": "Vorderschinken",
  "brand": "Maestade",
  "regular_price": 2.65,
  "selling_price": 2.65,
  "price_per_unit": "pro 150g | 100g = 1.77 CHF",
  "breadcrumb": "Sortiment > Sortiment > Vorderschinken",
  "pdp_url": "https://sortiment.lidl.ch/de/vorderschinken-5111428",
  "product_description": "Artikelnr.: 5111428",
  "producthierarchy_level1": "Sortiment",
  "producthierarchy_level2": "Sortiment",
  "producthierarchy_level3": "Vorderschinken",
  "producthierarchy_level4": "",
  "producthierarchy_level5": "",
  "producthierarchy_level6": "",
  "producthierarchy_level7": "",
  "currency": "Swiss franc",
  "file_name_1": "5111428_1.jpg",
  "image_url_1": "https://sortiment.lidl.ch/media/catalog/product/cache/38c728e59b3a47950872534eff8a1e63/5/1/5111428_PSXX.jpg"
},
{
  "_id": {
    "$oid": "66f3a3cdd23ade1eec55fad2"
  },
  "unique_id": "5111410",
  "product_name": "Minipic",
  "brand": "",
  "regular_price": 3.45,
  "selling_price": 3.45,
  "price_per_unit": "pro 5x18g | 100g = 3.84 CHF",
  "breadcrumb": "Sortiment > Sortiment > Minipic",
  "pdp_url": "https://sortiment.lidl.ch/de/minipic-5111410",
  "product_description": "Artikelnr.: 5111410",
  "producthierarchy_level1": "Sortiment",
  "producthierarchy_level2": "Sortiment",
  "producthierarchy_level3": "Minipic",
  "producthierarchy_level4": "",
  "producthierarchy_level5": "",
  "producthierarchy_level6": "",
  "producthierarchy_level7": "",
  "currency": "Swiss franc",
  "file_name_1": "5111410_1.jpg",
  "image_url_1": "https://sortiment.lidl.ch/media/catalog/product/cache/38c728e59b3a47950872534eff8a1e63/5/1/5111410_PSXX.jpg"
},
{
  "_id": {
    "$oid": "66f3a3ced23ade1eec55fad3"
  },
  "unique_id": "6600940",
  "product_name": "Envitas",
  "brand": "Sondey",
  "regular_price": 3.79,
  "selling_price": 3.79,
  "price_per_unit": "pro 253g | 100g = 1.50 CHF",
  "breadcrumb": "Sortiment > Sortiment > Envitas",
  "pdp_url": "https://sortiment.lidl.ch/de/envitas-6600940",
  "product_description": "Artikelnr.: 6600940",
  "producthierarchy_level1": "Sortiment",
  "producthierarchy_level2": "Sortiment",
  "producthierarchy_level3": "Envitas",
  "producthierarchy_level4": "",
  "producthierarchy_level5": "",
  "producthierarchy_level6": "",
  "producthierarchy_level7": "",
  "currency": "Swiss franc",
  "file_name_1": "6600940_1.jpg",
  "image_url_1": "https://sortiment.lidl.ch/media/catalog/product/cache/38c728e59b3a47950872534eff8a1e63/6/6/6600940_Erdbeer_PSXX.jpg",
  "file_name_2": "6600940_2.jpg",
  "image_url_2": "https://sortiment.lidl.ch/media/catalog/product/cache/38c728e59b3a47950872534eff8a1e63/6/6/6600940_Joghurt_PSXX.jpg",
  "file_name_3": "6600940_3.jpg",
  "image_url_3": "https://sortiment.lidl.ch/media/catalog/product/cache/38c728e59b3a47950872534eff8a1e63/6/6/6600940_Kakao_PSXX.jpg"
},
{
  "_id": {
    "$oid": "66f3a3cfd23ade1eec55fad4"
  },
  "unique_id": "188550",
  "product_name": "2in1 Shampoo & Duschgel Kids",
  "brand": "Cien",
  "regular_price": 1.45,
  "selling_price": 1.45,
  "price_per_unit": "pro 400ml | 100ML = 0.37 CHF",
  "breadcrumb": "Sortiment > Sortiment > 2in1 Shampoo & Duschgel Kids",
  "pdp_url": "https://sortiment.lidl.ch/de/2in1-shampoo-duschgel-kids-0188550",
  "product_description": "Artikelnr.: 188550",
  "producthierarchy_level1": "Sortiment",
  "producthierarchy_level2": "Sortiment",
  "producthierarchy_level3": "2in1 Shampoo & Duschgel Kids",
  "producthierarchy_level4": "",
  "producthierarchy_level5": "",
  "producthierarchy_level6": "",
  "producthierarchy_level7": "",
  "currency": "Swiss franc",
  "file_name_1": "188550_1.jpg",
  "image_url_1": "https://sortiment.lidl.ch/media/catalog/product/cache/38c728e59b3a47950872534eff8a1e63/1/8/188550_Dinosaur_PSXX.jpg",
  "file_name_2": "188550_2.jpg",
  "image_url_2": "https://sortiment.lidl.ch/media/catalog/product/cache/38c728e59b3a47950872534eff8a1e63/1/8/188550_Unicorn_PSXX.jpg"
},
{
  "_id": {
    "$oid": "66f3a3d1d23ade1eec55fad5"
  },
  "unique_id": "5605143",
  "product_name": "Softfrucht Pflaumen aus Agen",
  "brand": "Alesto",
  "regular_price": 1.99,
  "selling_price": 1.99,
  "price_per_unit": "pro 200g | 100g = 1.00 CHF",
  "breadcrumb": "Sortiment > Sortiment > Softfrucht Pflaumen aus Agen",
  "pdp_url": "https://sortiment.lidl.ch/de/softfrucht-pflaumen-aus-agen-5605143",
  "product_description": "Artikelnr.: 5605143",
  "producthierarchy_level1": "Sortiment",
  "producthierarchy_level2": "Sortiment",
  "producthierarchy_level3": "Softfrucht Pflaumen aus Agen",
  "producthierarchy_level4": "",
  "producthierarchy_level5": "",
  "producthierarchy_level6": "",
  "producthierarchy_level7": "",
  "currency": "Swiss franc",
  "file_name_1": "5605143_1.jpg",
  "image_url_1": "https://sortiment.lidl.ch/media/catalog/product/cache/38c728e59b3a47950872534eff8a1e63/5/6/5605143_PSXX.jpg"
},
{
  "_id": {
    "$oid": "66f3a3d2d23ade1eec55fad6"
  },
  "unique_id": "5602246",
  "product_name": "Softfrucht Aprikosen",
  "brand": "Alesto",
  "regular_price": 2.35,
  "selling_price": 2.35,
  "price_per_unit": "pro 200g | 100g = 1.18 CHF",
  "breadcrumb": "Sortiment > Sortiment > Softfrucht Aprikosen",
  "pdp_url": "https://sortiment.lidl.ch/de/softfrucht-aprikosen-5602246",
  "product_description": "Artikelnr.: 5602246",
  "producthierarchy_level1": "Sortiment",
  "producthierarchy_level2": "Sortiment",
  "producthierarchy_level3": "Softfrucht Aprikosen",
  "producthierarchy_level4": "",
  "producthierarchy_level5": "",
  "producthierarchy_level6": "",
  "producthierarchy_level7": "",
  "currency": "Swiss franc",
  "file_name_1": "5602246_1.jpg",
  "image_url_1": "https://sortiment.lidl.ch/media/catalog/product/cache/38c728e59b3a47950872534eff8a1e63/5/6/5602246_PSXX.jpg"
},
{
  "_id": {
    "$oid": "66f3a3d4d23ade1eec55fad7"
  },
  "unique_id": "5602245",
  "product_name": "Softfrüchte Feigen",
  "brand": "Alesto",
  "regular_price": 2.35,
  "selling_price": 2.35,
  "price_per_unit": "pro 200g | 100g = 1.18 CHF",
  "breadcrumb": "Sortiment > Sortiment > Softfrüchte Feigen",
  "pdp_url": "https://sortiment.lidl.ch/de/softfruechte-feigen-5602245",
  "product_description": "Artikelnr.: 5602245",
  "producthierarchy_level1": "Sortiment",
  "producthierarchy_level2": "Sortiment",
  "producthierarchy_level3": "Softfrüchte Feigen",
  "producthierarchy_level4": "",
  "producthierarchy_level5": "",
  "producthierarchy_level6": "",
  "producthierarchy_level7": "",
  "currency": "Swiss franc",
  "file_name_1": "5602245_1.jpg",
  "image_url_1": "https://sortiment.lidl.ch/media/catalog/product/cache/38c728e59b3a47950872534eff8a1e63/5/6/5602245_PSXX.jpg"
},
{
  "_id": {
    "$oid": "66f3a3d6d23ade1eec55fad8"
  },
  "unique_id": "5602244",
  "product_name": "Softfrucht Datteln",
  "brand": "Alesto",
  "regular_price": 1.99,
  "selling_price": 1.99,
  "price_per_unit": "pro 200g | 100g = 1.00 CHF",
  "breadcrumb": "Sortiment > Sortiment > Softfrucht Datteln",
  "pdp_url": "https://sortiment.lidl.ch/de/softfrucht-datteln-5602244",
  "product_description": "Artikelnr.: 5602244",
  "producthierarchy_level1": "Sortiment",
  "producthierarchy_level2": "Sortiment",
  "producthierarchy_level3": "Softfrucht Datteln",
  "producthierarchy_level4": "",
  "producthierarchy_level5": "",
  "producthierarchy_level6": "",
  "producthierarchy_level7": "",
  "currency": "Swiss franc",
  "file_name_1": "5602244_1.jpg",
  "image_url_1": "https://sortiment.lidl.ch/media/catalog/product/cache/38c728e59b3a47950872534eff8a1e63/5/6/5602244_PSXX.jpg"
},
{
  "_id": {
    "$oid": "66f3a3d7d23ade1eec55fad9"
  },
  "unique_id": "160871",
  "product_name": "Glaskeramik Reiniger",
  "brand": "W5",
  "regular_price": 3.49,
  "selling_price": 3.49,
  "price_per_unit": "pro 500ml | 1L = 6.98 CHF",
  "breadcrumb": "Sortiment > Sortiment > Glaskeramik Reiniger",
  "pdp_url": "https://sortiment.lidl.ch/de/glaskeramik-reiniger-0160871",
  "product_description": "Artikelnr.: 160871",
  "producthierarchy_level1": "Sortiment",
  "producthierarchy_level2": "Sortiment",
  "producthierarchy_level3": "Glaskeramik Reiniger",
  "producthierarchy_level4": "",
  "producthierarchy_level5": "",
  "producthierarchy_level6": "",
  "producthierarchy_level7": "",
  "currency": "Swiss franc",
  "file_name_1": "160871_1.jpg",
  "image_url_1": "https://sortiment.lidl.ch/media/catalog/product/cache/38c728e59b3a47950872534eff8a1e63/1/6/160871_PSXX.jpg"
},
{
  "_id": {
    "$oid": "66f3a3d9d23ade1eec55fada"
  },
  "unique_id": "1800050",
  "product_name": "Coca-Cola Original",
  "brand": "Coca-Cola",
  "regular_price": 8.25,
  "selling_price": 8.25,
  "price_per_unit": "pro 8x0,33l | 1L = 3.13 CHF",
  "breadcrumb": "Sortiment > Sortiment > Coca-Cola Original",
  "pdp_url": "https://sortiment.lidl.ch/de/coca-cola-original-1800050",
  "product_description": "Artikelnr.: 1800050",
  "producthierarchy_level1": "Sortiment",
  "producthierarchy_level2": "Sortiment",
  "producthierarchy_level3": "Coca-Cola Original",
  "producthierarchy_level4": "",
  "producthierarchy_level5": "",
  "producthierarchy_level6": "",
  "producthierarchy_level7": "",
  "currency": "Swiss franc",
  "file_name_1": "1800050_1.jpg",
  "image_url_1": "https://sortiment.lidl.ch/media/catalog/product/cache/38c728e59b3a47950872534eff8a1e63/1/8/1800050_8erPack_PSXX.jpg"
},
{
  "_id": {
    "$oid": "66f3a3dad23ade1eec55fadb"
  },
  "unique_id": "5111446",
  "product_name": "Butterweggen",
  "brand": "",
  "regular_price": 2.99,
  "selling_price": 2.99,
  "price_per_unit": "pro 380g P | 100g = 0.79 CHF",
  "breadcrumb": "Sortiment > Sortiment > Butterweggen",
  "pdp_url": "https://sortiment.lidl.ch/de/butterweggen-5111446",
  "product_description": "Artikelnr.: 5111446 Hefeteiggebäck mit Butter. Zutaten: Weizenmehl, Wasser, 8% Butter , Vollei *, Hefe, Speisesalz jodiert, Zucker, Buttermilchpulver , Molkenpulver , Traubenzucker, Weizenkleber , Malzmehl ( Gerste, Weizen ), Laktose, Mehlbehandlungsmittel: Ascorbinsäure. *Eier aus Freilandhaltung. Kann Spuren von Erdnüsse, Soja,  Schalenfrüchte (Nüsse), Sellerie, Senf, Sesam und Sulfiten enthalten. Hergestellt in der Schweiz.",
  "producthierarchy_level1": "Sortiment",
  "producthierarchy_level2": "Sortiment",
  "producthierarchy_level3": "Butterweggen",
  "producthierarchy_level4": "",
  "producthierarchy_level5": "",
  "producthierarchy_level6": "",
  "producthierarchy_level7": "",
  "currency": "Swiss franc",
  "file_name_1": "5111446_1.jpg",
  "image_url_1": "https://sortiment.lidl.ch/media/catalog/product/cache/38c728e59b3a47950872534eff8a1e63/5/1/5111446_FKBF.jpg"
},
{
  "_id": {
    "$oid": "66f3a3dbd23ade1eec55fadc"
  },
  "unique_id": "1800051",
  "product_name": "Coca-Cola Zero",
  "brand": "Coca-Cola",
  "regular_price": 8.25,
  "selling_price": 8.25,
  "price_per_unit": "pro 8x0,33l | 1L = 3.13 CHF",
  "breadcrumb": "Sortiment > Sortiment > Coca-Cola Zero",
  "pdp_url": "https://sortiment.lidl.ch/de/coca-cola-zero-1800051",
  "product_description": "Artikelnr.: 1800051",
  "producthierarchy_level1": "Sortiment",
  "producthierarchy_level2": "Sortiment",
  "producthierarchy_level3": "Coca-Cola Zero",
  "producthierarchy_level4": "",
  "producthierarchy_level5": "",
  "producthierarchy_level6": "",
  "producthierarchy_level7": "",
  "currency": "Swiss franc",
  "file_name_1": "1800051_1.jpg",
  "image_url_1": "https://sortiment.lidl.ch/media/catalog/product/cache/38c728e59b3a47950872534eff8a1e63/1/8/1800051_PSXX.jpg"
},
{
  "_id": {
    "$oid": "66f3a3ddd23ade1eec55fadd"
  },
  "unique_id": "151129",
  "product_name": "Blätterteig",
  "brand": "Chef Select",
  "regular_price": 1.19,
  "selling_price": 1.19,
  "price_per_unit": "pro 230g | 100g = 0.52 CHF",
  "breadcrumb": "Sortiment > Sortiment > Blätterteig",
  "pdp_url": "https://sortiment.lidl.ch/de/blaetterteig-0151129",
  "product_description": "Artikelnr.: 151129",
  "producthierarchy_level1": "Sortiment",
  "producthierarchy_level2": "Sortiment",
  "producthierarchy_level3": "Blätterteig",
  "producthierarchy_level4": "",
  "producthierarchy_level5": "",
  "producthierarchy_level6": "",
  "producthierarchy_level7": "",
  "currency": "Swiss franc",
  "file_name_1": "151129_1.jpg",
  "image_url_1": "https://sortiment.lidl.ch/media/catalog/product/cache/38c728e59b3a47950872534eff8a1e63/1/5/151129_PSXX.jpg"
},
{
  "_id": {
    "$oid": "66f3a3dfd23ade1eec55fade"
  },
  "unique_id": "1800024",
  "product_name": "Pringles Chips Original",
  "brand": "Pringles",
  "regular_price": 1.49,
  "selling_price": 1.49,
  "price_per_unit": "pro 40g | 100g = 3.73 CHF",
  "breadcrumb": "Sortiment > Sortiment > Pringles Chips Original",
  "pdp_url": "https://sortiment.lidl.ch/de/pringles-chips-original-1800024",
  "product_description": "Artikelnr.: 1800024",
  "producthierarchy_level1": "Sortiment",
  "producthierarchy_level2": "Sortiment",
  "producthierarchy_level3": "Pringles Chips Original",
  "producthierarchy_level4": "",
  "producthierarchy_level5": "",
  "producthierarchy_level6": "",
  "producthierarchy_level7": "",
  "currency": "Swiss franc",
  "file_name_1": "1800024_1.jpg",
  "image_url_1": "https://sortiment.lidl.ch/media/catalog/product/cache/38c728e59b3a47950872534eff8a1e63/1/8/1800024_PSXX.jpg"
},
{
  "_id": {
    "$oid": "66f3a3e0d23ade1eec55fadf"
  },
  "unique_id": "5111457",
  "product_name": "St. Galler Schüblig",
  "brand": "Maestade typisch",
  "regular_price": 3.79,
  "selling_price": 3.79,
  "price_per_unit": "pro 2x140g | 100g = 1.36 CHF",
  "breadcrumb": "Sortiment > Sortiment > St. Galler Schüblig",
  "pdp_url": "https://sortiment.lidl.ch/de/st-galler-schueblig-5111457",
  "product_description": "Artikelnr.: 5111457",
  "producthierarchy_level1": "Sortiment",
  "producthierarchy_level2": "Sortiment",
  "producthierarchy_level3": "St. Galler Schüblig",
  "producthierarchy_level4": "",
  "producthierarchy_level5": "",
  "producthierarchy_level6": "",
  "producthierarchy_level7": "",
  "currency": "Swiss franc",
  "file_name_1": "5111457_1.jpg",
  "image_url_1": "https://sortiment.lidl.ch/media/catalog/product/cache/38c728e59b3a47950872534eff8a1e63/5/1/5111457_PSXX.jpg"
},
{
  "_id": {
    "$oid": "66f3a3e1d23ade1eec55fae0"
  },
  "unique_id": "176125",
  "product_name": "Alu-Kaffeekapseln Leggero Lungo",
  "brand": "Bellarom",
  "regular_price": 3.95,
  "selling_price": 3.95,
  "price_per_unit": "pro 20 Stück | 100g = 19.75, 3.47 CHF",
  "breadcrumb": "Sortiment > Sortiment > Alu-Kaffeekapseln Leggero Lungo",
  "pdp_url": "https://sortiment.lidl.ch/de/alu-kaffeekapseln-leggero-lungo-0176125",
  "product_description": "Artikelnr.: 176125",
  "producthierarchy_level1": "Sortiment",
  "producthierarchy_level2": "Sortiment",
  "producthierarchy_level3": "Alu-Kaffeekapseln Leggero Lungo",
  "producthierarchy_level4": "",
  "producthierarchy_level5": "",
  "producthierarchy_level6": "",
  "producthierarchy_level7": "",
  "currency": "Swiss franc",
  "file_name_1": "176125_1.jpg",
  "image_url_1": "https://sortiment.lidl.ch/media/catalog/product/cache/38c728e59b3a47950872534eff8a1e63/1/7/176125_Leggero_Lungo_PSXX.jpg"
},
{
  "_id": {
    "$oid": "66f3a3e3d23ade1eec55fae1"
  },
  "unique_id": "114014",
  "product_name": "Back-Camembert",
  "brand": "Milbona",
  "regular_price": 3.49,
  "selling_price": 3.49,
  "price_per_unit": "pro 350g | 100g = 1.00 CHF",
  "breadcrumb": "Sortiment > Sortiment > Back-Camembert",
  "pdp_url": "https://sortiment.lidl.ch/de/back-camembert-0114014",
  "product_description": "Artikelnr.: 114014",
  "producthierarchy_level1": "Sortiment",
  "producthierarchy_level2": "Sortiment",
  "producthierarchy_level3": "Back-Camembert",
  "producthierarchy_level4": "",
  "producthierarchy_level5": "",
  "producthierarchy_level6": "",
  "producthierarchy_level7": "",
  "currency": "Swiss franc",
  "file_name_1": "114014_1.jpg",
  "image_url_1": "https://sortiment.lidl.ch/media/catalog/product/cache/38c728e59b3a47950872534eff8a1e63/1/1/114014_PSXX.jpg"
},
{
  "_id": {
    "$oid": "66f3a3e4d23ade1eec55fae2"
  },
  "unique_id": "171973",
  "product_name": "Greek Style Yogurt",
  "brand": "Milbona",
  "regular_price": 2.49,
  "selling_price": 2.49,
  "price_per_unit": "pro 500g | 100g = 0.50 CHF",
  "breadcrumb": "Sortiment > Sortiment > Greek Style Yogurt",
  "pdp_url": "https://sortiment.lidl.ch/de/greek-style-yogurt-0171973",
  "product_description": "Artikelnr.: 171973",
  "producthierarchy_level1": "Sortiment",
  "producthierarchy_level2": "Sortiment",
  "producthierarchy_level3": "Greek Style Yogurt",
  "producthierarchy_level4": "",
  "producthierarchy_level5": "",
  "producthierarchy_level6": "",
  "producthierarchy_level7": "",
  "currency": "Swiss franc",
  "file_name_1": "171973_1.jpg",
  "image_url_1": "https://sortiment.lidl.ch/media/catalog/product/cache/38c728e59b3a47950872534eff8a1e63/1/7/171973_Heidelbeer_PSXX_Datum-weg.jpg",
  "file_name_2": "171973_2.jpg",
  "image_url_2": "https://sortiment.lidl.ch/media/catalog/product/cache/38c728e59b3a47950872534eff8a1e63/1/7/171973_Honig_PSXX.jpg",
  "file_name_3": "171973_3.jpg",
  "image_url_3": "https://sortiment.lidl.ch/media/catalog/product/cache/38c728e59b3a47950872534eff8a1e63/1/7/171973_Kokosnuss_PSXX.jpg",
  "file_name_4": "171973_4.jpg",
  "image_url_4": "https://sortiment.lidl.ch/media/catalog/product/cache/38c728e59b3a47950872534eff8a1e63/1/7/171973_Sauerkirsche_PSXX.jpg"
},
{
  "_id": {
    "$oid": "66f3a3e5d23ade1eec55fae3"
  },
  "unique_id": "151636",
  "product_name": "Primitivo Puglia DOP",
  "brand": "",
  "regular_price": 4.95,
  "selling_price": 4.95,
  "price_per_unit": "pro 0,75l | 1L = 6.60 CHF",
  "breadcrumb": "Sortiment > Sortiment > Primitivo Puglia DOP",
  "pdp_url": "https://sortiment.lidl.ch/de/primitivo-puglia-dop-0151636",
  "product_description": "Artikelnr.: 151636",
  "producthierarchy_level1": "Sortiment",
  "producthierarchy_level2": "Sortiment",
  "producthierarchy_level3": "Primitivo Puglia DOP",
  "producthierarchy_level4": "",
  "producthierarchy_level5": "",
  "producthierarchy_level6": "",
  "producthierarchy_level7": "",
  "currency": "Swiss franc",
  "file_name_1": "151636_1.jpg",
  "image_url_1": "https://sortiment.lidl.ch/media/catalog/product/cache/38c728e59b3a47950872534eff8a1e63/1/5/151636_PSWE.jpg"
},
{
  "_id": {
    "$oid": "66f3a3e6d23ade1eec55fae4"
  },
  "unique_id": "5103714",
  "product_name": "Mateus Rosé",
  "brand": "",
  "regular_price": 6.15,
  "selling_price": 6.15,
  "price_per_unit": "pro 0,75l | 1L = 8.20 CHF",
  "breadcrumb": "Sortiment > Sortiment > Mateus Rosé",
  "pdp_url": "https://sortiment.lidl.ch/de/mateus-rose-5103714",
  "product_description": "Artikelnr.: 5103714 *Konkurrenzvergleich:  21.06.2023",
  "producthierarchy_level1": "Sortiment",
  "producthierarchy_level2": "Sortiment",
  "producthierarchy_level3": "Mateus Rosé",
  "producthierarchy_level4": "",
  "producthierarchy_level5": "",
  "producthierarchy_level6": "",
  "producthierarchy_level7": "",
  "currency": "Swiss franc",
  "file_name_1": "5103714_1.jpg",
  "image_url_1": "https://sortiment.lidl.ch/media/catalog/product/cache/38c728e59b3a47950872534eff8a1e63/5/1/5103714_PSWE.jpg"
},
{
  "_id": {
    "$oid": "66f3a3e7d23ade1eec55fae5"
  },
  "unique_id": "152828",
  "product_name": "ASC Lachsspitzen",
  "brand": "Ocean Sea",
  "regular_price": 9.99,
  "selling_price": 9.99,
  "price_per_unit": "pro 455g (Abtropfgewicht) | 100g = 2.20 CHF",
  "breadcrumb": "Sortiment > Sortiment > ASC Lachsspitzen",
  "pdp_url": "https://sortiment.lidl.ch/de/asc-lachsspitzen-0152828",
  "product_description": "Artikelnr.: 152828",
  "producthierarchy_level1": "Sortiment",
  "producthierarchy_level2": "Sortiment",
  "producthierarchy_level3": "ASC Lachsspitzen",
  "producthierarchy_level4": "",
  "producthierarchy_level5": "",
  "producthierarchy_level6": "",
  "producthierarchy_level7": "",
  "currency": "Swiss franc",
  "file_name_1": "152828_1.jpg",
  "image_url_1": "https://sortiment.lidl.ch/media/catalog/product/cache/38c728e59b3a47950872534eff8a1e63/1/5/152828_PSXX.jpg"
},
{
  "_id": {
    "$oid": "66f3a3e9d23ade1eec55fae6"
  },
  "unique_id": "161305",
  "product_name": "Balsamico crème",
  "brand": "Acentino",
  "regular_price": 2.99,
  "selling_price": 2.99,
  "price_per_unit": "pro 250ml | 1L = 11.96 CHF",
  "breadcrumb": "Sortiment > Sortiment > Balsamico crème",
  "pdp_url": "https://sortiment.lidl.ch/de/balsamico-creme-0161305",
  "product_description": "Artikelnr.: 161305",
  "producthierarchy_level1": "Sortiment",
  "producthierarchy_level2": "Sortiment",
  "producthierarchy_level3": "Balsamico crème",
  "producthierarchy_level4": "",
  "producthierarchy_level5": "",
  "producthierarchy_level6": "",
  "producthierarchy_level7": "",
  "currency": "Swiss franc",
  "file_name_1": "161305_1.jpg",
  "image_url_1": "https://sortiment.lidl.ch/media/catalog/product/cache/38c728e59b3a47950872534eff8a1e63/1/6/161305_PSXXtif.jpg"
},
{
  "_id": {
    "$oid": "66f3a3ead23ade1eec55fae7"
  },
  "unique_id": "83054",
  "product_name": "Portobello Pilze 300g",
  "brand": "",
  "regular_price": 1.99,
  "selling_price": 1.99,
  "price_per_unit": "pro 300g | 100g = 0.67 CHF",
  "breadcrumb": "Sortiment > Sortiment > Portobello Pilze 300g",
  "pdp_url": "https://sortiment.lidl.ch/de/portobello-pilze-300g-0083054",
  "product_description": "Artikelnr.: 83054",
  "producthierarchy_level1": "Sortiment",
  "producthierarchy_level2": "Sortiment",
  "producthierarchy_level3": "Portobello Pilze 300g",
  "producthierarchy_level4": "",
  "producthierarchy_level5": "",
  "producthierarchy_level6": "",
  "producthierarchy_level7": "",
  "currency": "Swiss franc",
  "file_name_1": "83054_1.jpg",
  "image_url_1": "https://sortiment.lidl.ch/media/catalog/product/cache/38c728e59b3a47950872534eff8a1e63/8/3/83054_OGAX.jpg",
  "file_name_2": "83054_2.jpg",
  "image_url_2": "https://sortiment.lidl.ch/media/catalog/product/cache/38c728e59b3a47950872534eff8a1e63/8/3/83054_OGFG.jpg"
},
{
  "_id": {
    "$oid": "66f3a3ebd23ade1eec55fae8"
  },
  "unique_id": "44243",
  "product_name": "Fruchtnektare",
  "brand": "Solevita",
  "regular_price": 1.99,
  "selling_price": 1.99,
  "price_per_unit": "pro 1l",
  "breadcrumb": "Sortiment > Sortiment > Fruchtnektare",
  "pdp_url": "https://sortiment.lidl.ch/de/fruchtnektare-0044243",
  "product_description": "Artikelnr.: 44243",
  "producthierarchy_level1": "Sortiment",
  "producthierarchy_level2": "Sortiment",
  "producthierarchy_level3": "Fruchtnektare",
  "producthierarchy_level4": "",
  "producthierarchy_level5": "",
  "producthierarchy_level6": "",
  "producthierarchy_level7": "",
  "currency": "Swiss franc",
  "file_name_1": "44243_1.jpg",
  "image_url_1": "https://sortiment.lidl.ch/media/catalog/product/cache/38c728e59b3a47950872534eff8a1e63/4/4/44243_Mango_PSXX.jpg",
  "file_name_2": "44243_2.jpg",
  "image_url_2": "https://sortiment.lidl.ch/media/catalog/product/cache/38c728e59b3a47950872534eff8a1e63/4/4/44243_Pfirsich_PSXX.jpg"
},
{
  "_id": {
    "$oid": "66f3a3edd23ade1eec55fae9"
  },
  "unique_id": "5111617",
  "product_name": "Terea Turquoise",
  "brand": "Terea",
  "regular_price": 7.89,
  "selling_price": 7.89,
  "price_per_unit": "pro 20 Stück | 1 Stk = 0.40 CHF",
  "breadcrumb": "Sortiment > Sortiment > Terea Turquoise",
  "pdp_url": "https://sortiment.lidl.ch/de/terea-turquoise-5111617",
  "product_description": "Artikelnr.: 5111617",
  "producthierarchy_level1": "Sortiment",
  "producthierarchy_level2": "Sortiment",
  "producthierarchy_level3": "Terea Turquoise",
  "producthierarchy_level4": "",
  "producthierarchy_level5": "",
  "producthierarchy_level6": "",
  "producthierarchy_level7": "",
  "currency": "Swiss franc",
  "file_name_1": "5111617_1.jpg",
  "image_url_1": "https://sortiment.lidl.ch/media/catalog/product/cache/38c728e59b3a47950872534eff8a1e63/5/1/5111617_PSXX.jpg"
},
{
  "_id": {
    "$oid": "66f3a3efd23ade1eec55faea"
  },
  "unique_id": "5111616",
  "product_name": "Terea Sienna",
  "brand": "Terea",
  "regular_price": 7.89,
  "selling_price": 7.89,
  "price_per_unit": "pro 20 Stück | 1 Stk = 0.40 CHF",
  "breadcrumb": "Sortiment > Sortiment > Terea Sienna",
  "pdp_url": "https://sortiment.lidl.ch/de/terea-sienna-5111616",
  "product_description": "Artikelnr.: 5111616",
  "producthierarchy_level1": "Sortiment",
  "producthierarchy_level2": "Sortiment",
  "producthierarchy_level3": "Terea Sienna",
  "producthierarchy_level4": "",
  "producthierarchy_level5": "",
  "producthierarchy_level6": "",
  "producthierarchy_level7": "",
  "currency": "Swiss franc",
  "file_name_1": "5111616_1.jpg",
  "image_url_1": "https://sortiment.lidl.ch/media/catalog/product/cache/38c728e59b3a47950872534eff8a1e63/5/1/5111616_PSXX.jpg"
},
{
  "_id": {
    "$oid": "66f3a3f0d23ade1eec55faeb"
  },
  "unique_id": "5111615",
  "product_name": "Terea Amber",
  "brand": "Terea",
  "regular_price": 7.89,
  "selling_price": 7.89,
  "price_per_unit": "pro 20 Stück | 1 Stk = 0.40 CHF",
  "breadcrumb": "Sortiment > Sortiment > Terea Amber",
  "pdp_url": "https://sortiment.lidl.ch/de/terea-amber-5111615",
  "product_description": "Artikelnr.: 5111615",
  "producthierarchy_level1": "Sortiment",
  "producthierarchy_level2": "Sortiment",
  "producthierarchy_level3": "Terea Amber",
  "producthierarchy_level4": "",
  "producthierarchy_level5": "",
  "producthierarchy_level6": "",
  "producthierarchy_level7": "",
  "currency": "Swiss franc",
  "file_name_1": "5111615_1.jpg",
  "image_url_1": "https://sortiment.lidl.ch/media/catalog/product/cache/38c728e59b3a47950872534eff8a1e63/5/1/5111615_PSXX.jpg"
},
{
  "_id": {
    "$oid": "66f3a3f1d23ade1eec55faec"
  },
  "unique_id": "5111668",
  "product_name": "Gletscherbräu Holzofen-Bierbrot",
  "brand": "Gletscherbräu",
  "regular_price": 3.49,
  "selling_price": 3.49,
  "price_per_unit": "pro 380g | 100g = 0.92 CHF",
  "breadcrumb": "Sortiment > Sortiment > Gletscherbräu Holzofen-Bierbrot",
  "pdp_url": "https://sortiment.lidl.ch/de/gletscherbraeu-holzofen-bierbrot-5111668",
  "product_description": "Artikelnr.: 5111668 Spezialbrot mit Bier. Zutaten: Mehlmischung ( Weizenmehl , Weizenprotein , Dinkel geröstet, Gerstenmalzmehl, Acerolapulver (auf Trägerstoff: Maniokmaltodextrin)), 22% Gletscherbräu Lagerbier (Wasser, Gerstenmalz , Hopfen, Hefe), Wasser, Sesam , Sonnenblumenkerne, Haferflocken , Leinsamen, Roggenschrot , Rapsöl, Hefe, jodiertes Speisesalz, Weizenkeime , Weizenstärke , Weizenquellmehl , Kürbiskerne, Roggensauerteig (Wasser, fermentiertes Roggenmehl , Speisesalz), Röstroggen . Kann Spuren von Ei, Erdnüssen, Soja, Milch, Schalenfrüchten (Nüssen), Sellerie, Senf und Sulfiten enthalten. Hergestellt in der Schweiz.",
  "producthierarchy_level1": "Sortiment",
  "producthierarchy_level2": "Sortiment",
  "producthierarchy_level3": "Gletscherbräu Holzofen-Bierbrot",
  "producthierarchy_level4": "",
  "producthierarchy_level5": "",
  "producthierarchy_level6": "",
  "producthierarchy_level7": "",
  "currency": "Swiss franc",
  "file_name_1": "5111668_1.jpg",
  "image_url_1": "https://sortiment.lidl.ch/media/catalog/product/cache/38c728e59b3a47950872534eff8a1e63/5/1/5111668_FKBF.jpg"
},
{
  "_id": {
    "$oid": "66f3a3f3d23ade1eec55faed"
  },
  "unique_id": "5111553",
  "product_name": "Minor Original Branch",
  "brand": "Minor",
  "regular_price": 2.19,
  "selling_price": 2.19,
  "price_per_unit": "pro 42g | 100g = 5.22 CHF",
  "breadcrumb": "Sortiment > Sortiment > Minor Original Branch",
  "pdp_url": "https://sortiment.lidl.ch/de/minor-original-branch-5111553",
  "product_description": "Artikelnr.: 5111553",
  "producthierarchy_level1": "Sortiment",
  "producthierarchy_level2": "Sortiment",
  "producthierarchy_level3": "Minor Original Branch",
  "producthierarchy_level4": "",
  "producthierarchy_level5": "",
  "producthierarchy_level6": "",
  "producthierarchy_level7": "",
  "currency": "Swiss franc",
  "file_name_1": "5111553_1.jpg",
  "image_url_1": "https://sortiment.lidl.ch/media/catalog/product/cache/38c728e59b3a47950872534eff8a1e63/5/1/5111553_PSXX.jpg"
},
{
  "_id": {
    "$oid": "66f3a3f4d23ade1eec55faee"
  },
  "unique_id": "5103106",
  "product_name": "Munz Tafelschokolade",
  "brand": "Munz",
  "regular_price": 1.99,
  "selling_price": 1.99,
  "price_per_unit": "pro 100g",
  "breadcrumb": "Sortiment > Sortiment > Munz Tafelschokolade",
  "pdp_url": "https://sortiment.lidl.ch/de/munz-tafelschokolade-5103106",
  "product_description": "Artikelnr.: 5103106",
  "producthierarchy_level1": "Sortiment",
  "producthierarchy_level2": "Sortiment",
  "producthierarchy_level3": "Munz Tafelschokolade",
  "producthierarchy_level4": "",
  "producthierarchy_level5": "",
  "producthierarchy_level6": "",
  "producthierarchy_level7": "",
  "currency": "Swiss franc",
  "file_name_1": "5103106_1.jpg",
  "image_url_1": "https://sortiment.lidl.ch/media/catalog/product/cache/38c728e59b3a47950872534eff8a1e63/5/1/5103106_Edelbitter_PSXX_1.jpg",
  "file_name_2": "5103106_2.jpg",
  "image_url_2": "https://sortiment.lidl.ch/media/catalog/product/cache/38c728e59b3a47950872534eff8a1e63/5/1/5103106_Milch_PSXX_1.jpg",
  "file_name_3": "5103106_3.jpg",
  "image_url_3": "https://sortiment.lidl.ch/media/catalog/product/cache/38c728e59b3a47950872534eff8a1e63/5/1/5103106_Nuss_PSXX_1.jpg",
  "file_name_4": "5103106_4.jpg",
  "image_url_4": "https://sortiment.lidl.ch/media/catalog/product/cache/38c728e59b3a47950872534eff8a1e63/5/1/5103106_Praline_PSXX_1.jpg"
},
{
  "_id": {
    "$oid": "66f3a3f6d23ade1eec55faef"
  },
  "unique_id": "185461",
  "product_name": "ASC Norwegischer Graved Lachs",
  "brand": "nautica",
  "regular_price": 4.95,
  "selling_price": 4.95,
  "price_per_unit": "pro 150g | 100g = 3.30 CHF",
  "breadcrumb": "Sortiment > Sortiment > ASC Norwegischer Graved Lachs",
  "pdp_url": "https://sortiment.lidl.ch/de/asc-norwegischer-graved-lachs-0185461",
  "product_description": "Artikelnr.: 185461",
  "producthierarchy_level1": "Sortiment",
  "producthierarchy_level2": "Sortiment",
  "producthierarchy_level3": "ASC Norwegischer Graved Lachs",
  "producthierarchy_level4": "",
  "producthierarchy_level5": "",
  "producthierarchy_level6": "",
  "producthierarchy_level7": "",
  "currency": "Swiss franc",
  "file_name_1": "185461_1.jpg",
  "image_url_1": "https://sortiment.lidl.ch/media/catalog/product/cache/38c728e59b3a47950872534eff8a1e63/1/8/185461_PSXX.jpg"
},
{
  "_id": {
    "$oid": "66f3a3f7d23ade1eec55faf0"
  },
  "unique_id": "147942",
  "product_name": "Kurkuma gemahlen",
  "brand": "Kania",
  "regular_price": 0.99,
  "selling_price": 0.99,
  "price_per_unit": "pro 50g | 100g = 1.98 CHF",
  "breadcrumb": "Sortiment > Sortiment > Kurkuma gemahlen",
  "pdp_url": "https://sortiment.lidl.ch/de/kurkuma-gemahlen-0147942",
  "product_description": "Artikelnr.: 147942",
  "producthierarchy_level1": "Sortiment",
  "producthierarchy_level2": "Sortiment",
  "producthierarchy_level3": "Kurkuma gemahlen",
  "producthierarchy_level4": "",
  "producthierarchy_level5": "",
  "producthierarchy_level6": "",
  "producthierarchy_level7": "",
  "currency": "Swiss franc",
  "file_name_1": "147942_1.jpg",
  "image_url_1": "https://sortiment.lidl.ch/media/catalog/product/cache/38c728e59b3a47950872534eff8a1e63/1/4/147942_PSXX.jpg"
},
{
  "_id": {
    "$oid": "66f3a3f8d23ade1eec55faf1"
  },
  "unique_id": "5111098",
  "product_name": "Chicken Nuggets Bauernhof-Tiere",
  "brand": "Culinea",
  "regular_price": 7.99,
  "selling_price": 7.99,
  "price_per_unit": "pro 750g | 100g = 1.07 CHF",
  "breadcrumb": "Sortiment > Sortiment > Chicken Nuggets Bauernhof-Tiere",
  "pdp_url": "https://sortiment.lidl.ch/de/chicken-nuggets-bauernhof-tiere-5111098",
  "product_description": "Artikelnr.: 5111098",
  "producthierarchy_level1": "Sortiment",
  "producthierarchy_level2": "Sortiment",
  "producthierarchy_level3": "Chicken Nuggets Bauernhof-Tiere",
  "producthierarchy_level4": "",
  "producthierarchy_level5": "",
  "producthierarchy_level6": "",
  "producthierarchy_level7": "",
  "currency": "Swiss franc",
  "file_name_1": "5111098_1.jpg",
  "image_url_1": "https://sortiment.lidl.ch/media/catalog/product/cache/38c728e59b3a47950872534eff8a1e63/5/1/5111098_PSXX.jpg"
},
{
  "_id": {
    "$oid": "66f3a3f9d23ade1eec55faf2"
  },
  "unique_id": "181463",
  "product_name": "Toilettenpapier 4lagig",
  "brand": "Floralys",
  "regular_price": 5.55,
  "selling_price": 5.55,
  "price_per_unit": "pro 1800Blatt | 100 Stk = 0.31 CHF",
  "breadcrumb": "Sortiment > Sortiment > Toilettenpapier 4lagig",
  "pdp_url": "https://sortiment.lidl.ch/de/toilettenpapier-4lagig-0181463",
  "product_description": "Artikelnr.: 181463",
  "producthierarchy_level1": "Sortiment",
  "producthierarchy_level2": "Sortiment",
  "producthierarchy_level3": "Toilettenpapier 4lagig",
  "producthierarchy_level4": "",
  "producthierarchy_level5": "",
  "producthierarchy_level6": "",
  "producthierarchy_level7": "",
  "currency": "Swiss franc",
  "file_name_1": "181463_1.jpg",
  "image_url_1": "https://sortiment.lidl.ch/media/catalog/product/cache/38c728e59b3a47950872534eff8a1e63/1/8/181463_PSXX.jpg"
},
{
  "_id": {
    "$oid": "66f3a3fbd23ade1eec55faf3"
  },
  "unique_id": "186027",
  "product_name": "Scheuermilch Lemon",
  "brand": "W5",
  "regular_price": 1.89,
  "selling_price": 1.89,
  "price_per_unit": "pro 750ml | 1L = 2.52 CHF",
  "breadcrumb": "Sortiment > Sortiment > Scheuermilch Lemon",
  "pdp_url": "https://sortiment.lidl.ch/de/scheuermilch-lemon-0186027",
  "product_description": "Artikelnr.: 186027",
  "producthierarchy_level1": "Sortiment",
  "producthierarchy_level2": "Sortiment",
  "producthierarchy_level3": "Scheuermilch Lemon",
  "producthierarchy_level4": "",
  "producthierarchy_level5": "",
  "producthierarchy_level6": "",
  "producthierarchy_level7": "",
  "currency": "Swiss franc",
  "file_name_1": "186027_1.jpg",
  "image_url_1": "https://sortiment.lidl.ch/media/catalog/product/cache/38c728e59b3a47950872534eff8a1e63/1/8/186027_PSXX.jpg"
},
{
  "_id": {
    "$oid": "66f3a3fcd23ade1eec55faf4"
  },
  "unique_id": "8986",
  "product_name": "Ben's Express Reis",
  "brand": "Ben's",
  "regular_price": 3.29,
  "selling_price": 3.29,
  "price_per_unit": "pro 220g, 250g | 100g = 1.50 CHF",
  "breadcrumb": "Sortiment > Sortiment > Ben's Express Reis",
  "pdp_url": "https://sortiment.lidl.ch/de/ben-s-express-reis-0008986",
  "product_description": "Artikelnr.: 8986",
  "producthierarchy_level1": "Sortiment",
  "producthierarchy_level2": "Sortiment",
  "producthierarchy_level3": "Ben's Express Reis",
  "producthierarchy_level4": "",
  "producthierarchy_level5": "",
  "producthierarchy_level6": "",
  "producthierarchy_level7": "",
  "currency": "Swiss franc",
  "file_name_1": "8986_1.jpg",
  "image_url_1": "https://sortiment.lidl.ch/media/catalog/product/cache/38c728e59b3a47950872534eff8a1e63/8/9/8986_Basmati_PSXX.jpg",
  "file_name_2": "8986_2.jpg",
  "image_url_2": "https://sortiment.lidl.ch/media/catalog/product/cache/38c728e59b3a47950872534eff8a1e63/8/9/8986_Langkorn_PSXX.jpg",
  "file_name_3": "8986_3.jpg",
  "image_url_3": "https://sortiment.lidl.ch/media/catalog/product/cache/38c728e59b3a47950872534eff8a1e63/8/9/8986_Mediterran_PSXX.jpg"
},
{
  "_id": {
    "$oid": "66f3a3fdd23ade1eec55faf5"
  },
  "unique_id": "5706318",
  "product_name": "Fuet Extra",
  "brand": "Dulano Selection",
  "regular_price": 4.99,
  "selling_price": 4.99,
  "price_per_unit": "pro 170g | 100g = 2.94 CHF",
  "breadcrumb": "Sortiment > Sortiment > Fuet Extra",
  "pdp_url": "https://sortiment.lidl.ch/de/fuet-extra-5706318",
  "product_description": "Artikelnr.: 5706318",
  "producthierarchy_level1": "Sortiment",
  "producthierarchy_level2": "Sortiment",
  "producthierarchy_level3": "Fuet Extra",
  "producthierarchy_level4": "",
  "producthierarchy_level5": "",
  "producthierarchy_level6": "",
  "producthierarchy_level7": "",
  "currency": "Swiss franc",
  "file_name_1": "5706318_1.jpg",
  "image_url_1": "https://sortiment.lidl.ch/media/catalog/product/cache/38c728e59b3a47950872534eff8a1e63/5/7/5706318_PSXX.jpg"
},
{
  "_id": {
    "$oid": "66f3a3fed23ade1eec55faf6"
  },
  "unique_id": "110739",
  "product_name": "Finger Food",
  "brand": "Culinea",
  "regular_price": 3.29,
  "selling_price": 3.29,
  "price_per_unit": "pro 250g | 100g = 1.32 CHF",
  "breadcrumb": "Sortiment > Sortiment > Finger Food",
  "pdp_url": "https://sortiment.lidl.ch/de/finger-food-0110739",
  "product_description": "Artikelnr.: 110739",
  "producthierarchy_level1": "Sortiment",
  "producthierarchy_level2": "Sortiment",
  "producthierarchy_level3": "Finger Food",
  "producthierarchy_level4": "",
  "producthierarchy_level5": "",
  "producthierarchy_level6": "",
  "producthierarchy_level7": "",
  "currency": "Swiss franc",
  "file_name_1": "110739_1.jpg",
  "image_url_1": "https://sortiment.lidl.ch/media/catalog/product/cache/38c728e59b3a47950872534eff8a1e63/1/1/110739_Jalapenos_PSXX.jpg",
  "file_name_2": "110739_2.jpg",
  "image_url_2": "https://sortiment.lidl.ch/media/catalog/product/cache/38c728e59b3a47950872534eff8a1e63/1/1/110739_MozzaSticks_PSXX.jpg",
  "file_name_3": "110739_3.jpg",
  "image_url_3": "https://sortiment.lidl.ch/media/catalog/product/cache/38c728e59b3a47950872534eff8a1e63/1/1/110739_Mozzarella_PSXX.jpg",
  "file_name_4": "110739_4.jpg",
  "image_url_4": "https://sortiment.lidl.ch/media/catalog/product/cache/38c728e59b3a47950872534eff8a1e63/1/1/110739_Paprinos_PSXX.jpg"
},
{
  "_id": {
    "$oid": "66f3a3ffd23ade1eec55faf7"
  },
  "unique_id": "184078",
  "product_name": "High Protein Mousse",
  "brand": "Milbona",
  "regular_price": 1.75,
  "selling_price": 1.75,
  "price_per_unit": "pro 175g | 100g = 1.00 CHF",
  "breadcrumb": "Sortiment > Sortiment > High Protein Mousse",
  "pdp_url": "https://sortiment.lidl.ch/de/high-protein-mousse-0184078",
  "product_description": "Artikelnr.: 184078",
  "producthierarchy_level1": "Sortiment",
  "producthierarchy_level2": "Sortiment",
  "producthierarchy_level3": "High Protein Mousse",
  "producthierarchy_level4": "",
  "producthierarchy_level5": "",
  "producthierarchy_level6": "",
  "producthierarchy_level7": "",
  "currency": "Swiss franc",
  "file_name_1": "184078_1.jpg",
  "image_url_1": "https://sortiment.lidl.ch/media/catalog/product/cache/38c728e59b3a47950872534eff8a1e63/1/8/184078_Chocolate_PSXX.jpg",
  "file_name_2": "184078_2.jpg",
  "image_url_2": "https://sortiment.lidl.ch/media/catalog/product/cache/38c728e59b3a47950872534eff8a1e63/1/8/184078_Vanilla_PSXX.jpg"
},
{
  "_id": {
    "$oid": "66f3a401d23ade1eec55faf8"
  },
  "unique_id": "5111448",
  "product_name": "Krustenkranz",
  "brand": "",
  "regular_price": 2.79,
  "selling_price": 2.79,
  "price_per_unit": "pro 400g | 100g = 0.70 CHF",
  "breadcrumb": "Sortiment > Sortiment > Krustenkranz",
  "pdp_url": "https://sortiment.lidl.ch/de/krustenkranz-5111448",
  "product_description": "Artikelnr.: 5111448 Weizenbrot. Zutaten: 58% Weizenmehl, Wasser, Backhefe, Margarine [pflanzliche Fette (Palm, Palmkern), pflanzliche Öle (Kokos, Raps), Wasser, Butter ,  Emulgator: Mono- und Diglyceride von Speisefettsäuren, Speisesalz, Aroma (enthält Milch ), Säuerungsmittel: Milchsäure, Farbstoff: Carotin], Speisesalz, Weizenprotein , Gerstenmalz , Dextrose, Weizenstärke , Milchserumpulver , Butter , Zucker, Acerolafruchtpulver (auf Trägerstoff Maltodextrin). Kann Spuren von Ei, Erdnüsse, Soja, Schalenfrüchte (Nüsse), Sellerie, Senf, Sesam und Sulfiten enthalten. Hergestellt in der Schweiz.",
  "producthierarchy_level1": "Sortiment",
  "producthierarchy_level2": "Sortiment",
  "producthierarchy_level3": "Krustenkranz",
  "producthierarchy_level4": "",
  "producthierarchy_level5": "",
  "producthierarchy_level6": "",
  "producthierarchy_level7": "",
  "currency": "Swiss franc",
  "file_name_1": "5111448_1.jpg",
  "image_url_1": "https://sortiment.lidl.ch/media/catalog/product/cache/38c728e59b3a47950872534eff8a1e63/5/1/5111448_FKBF.jpg"
},
{
  "_id": {
    "$oid": "66f3a402d23ade1eec55faf9"
  },
  "unique_id": "11443",
  "product_name": "Sandwiches",
  "brand": "Chef Select to go",
  "regular_price": 2.85,
  "selling_price": 2.85,
  "price_per_unit": "pro 185g | 100g = 1.55 CHF",
  "breadcrumb": "Sortiment > Sortiment > Sandwiches",
  "pdp_url": "https://sortiment.lidl.ch/de/sandwiches-0011443",
  "product_description": "Artikelnr.: 11443",
  "producthierarchy_level1": "Sortiment",
  "producthierarchy_level2": "Sortiment",
  "producthierarchy_level3": "Sandwiches",
  "producthierarchy_level4": "",
  "producthierarchy_level5": "",
  "producthierarchy_level6": "",
  "producthierarchy_level7": "",
  "currency": "Swiss franc",
  "file_name_1": "11443_1.jpg",
  "image_url_1": "https://sortiment.lidl.ch/media/catalog/product/cache/38c728e59b3a47950872534eff8a1e63/1/1/11443_Gefluegel_PSXX.jpg",
  "file_name_2": "11443_2.jpg",
  "image_url_2": "https://sortiment.lidl.ch/media/catalog/product/cache/38c728e59b3a47950872534eff8a1e63/1/1/11443_Gouda_PSXX.jpg",
  "file_name_3": "11443_3.jpg",
  "image_url_3": "https://sortiment.lidl.ch/media/catalog/product/cache/38c728e59b3a47950872534eff8a1e63/1/1/11443_Salami_PSXX.jpg",
  "file_name_4": "11443_4.jpg",
  "image_url_4": "https://sortiment.lidl.ch/media/catalog/product/cache/38c728e59b3a47950872534eff8a1e63/1/1/11443_Schinken_PSXX.jpg"
},
{
  "_id": {
    "$oid": "66f3a403d23ade1eec55fafa"
  },
  "unique_id": "5111669",
  "product_name": "Aperol Spritz",
  "brand": "",
  "regular_price": 13.89,
  "selling_price": 13.89,
  "price_per_unit": "pro 3x0,2l | 1L = 23.15 CHF",
  "breadcrumb": "Sortiment > Sortiment > Aperol Spritz",
  "pdp_url": "https://sortiment.lidl.ch/de/aperol-spritz-5111669",
  "product_description": "Artikelnr.: 5111669",
  "producthierarchy_level1": "Sortiment",
  "producthierarchy_level2": "Sortiment",
  "producthierarchy_level3": "Aperol Spritz",
  "producthierarchy_level4": "",
  "producthierarchy_level5": "",
  "producthierarchy_level6": "",
  "producthierarchy_level7": "",
  "currency": "Swiss franc",
  "file_name_1": "5111669_1.jpg",
  "image_url_1": "https://sortiment.lidl.ch/media/catalog/product/cache/38c728e59b3a47950872534eff8a1e63/5/1/5111669_PSXX.jpg"
},
{
  "_id": {
    "$oid": "66f3a405d23ade1eec55fafb"
  },
  "unique_id": "168195",
  "product_name": "Susumaniello Puglia IGP",
  "brand": "Feudi del Duca",
  "regular_price": 9.99,
  "selling_price": 9.99,
  "price_per_unit": "pro 0,75l | 1L = 13.32 CHF",
  "breadcrumb": "Sortiment > Sortiment > Susumaniello Puglia IGP",
  "pdp_url": "https://sortiment.lidl.ch/de/susumaniello-puglia-igp-0168195",
  "product_description": "Artikelnr.: 168195",
  "producthierarchy_level1": "Sortiment",
  "producthierarchy_level2": "Sortiment",
  "producthierarchy_level3": "Susumaniello Puglia IGP",
  "producthierarchy_level4": "",
  "producthierarchy_level5": "",
  "producthierarchy_level6": "",
  "producthierarchy_level7": "",
  "currency": "Swiss franc",
  "file_name_1": "168195_1.jpg",
  "image_url_1": "https://sortiment.lidl.ch/media/catalog/product/cache/38c728e59b3a47950872534eff8a1e63/1/6/168195_PSWE.jpg"
},
{
  "_id": {
    "$oid": "66f3a406d23ade1eec55fafc"
  },
  "unique_id": "8980",
  "product_name": "Heinz Sauce Andalouse",
  "brand": "Heinz",
  "regular_price": 5.09,
  "selling_price": 5.09,
  "price_per_unit": "pro 400ml | 1L = 12.73 CHF",
  "breadcrumb": "Sortiment > Sortiment > Heinz Sauce Andalouse",
  "pdp_url": "https://sortiment.lidl.ch/de/heinz-sauce-andalouse-0008980",
  "product_description": "Artikelnr.: 8980 *Konkurrenzvergleich:  15.05.2024",
  "producthierarchy_level1": "Sortiment",
  "producthierarchy_level2": "Sortiment",
  "producthierarchy_level3": "Heinz Sauce Andalouse",
  "producthierarchy_level4": "",
  "producthierarchy_level5": "",
  "producthierarchy_level6": "",
  "producthierarchy_level7": "",
  "currency": "Swiss franc",
  "file_name_1": "8980_1.jpg",
  "image_url_1": "https://sortiment.lidl.ch/media/catalog/product/cache/38c728e59b3a47950872534eff8a1e63/8/9/8980_PSXX.jpg"
},
{
  "_id": {
    "$oid": "66f3a407d23ade1eec55fafd"
  },
  "unique_id": "6015997",
  "product_name": "Stabinger Schnitten",
  "brand": "Stabinger",
  "regular_price": 2.25,
  "selling_price": 2.25,
  "price_per_unit": "pro 100g, 130g | 100g = 2.25, 1.74 CHF",
  "breadcrumb": "Sortiment > Sortiment > Stabinger Schnitten",
  "pdp_url": "https://sortiment.lidl.ch/de/stabinger-schnitten-6015997",
  "product_description": "Artikelnr.: 6015997",
  "producthierarchy_level1": "Sortiment",
  "producthierarchy_level2": "Sortiment",
  "producthierarchy_level3": "Stabinger Schnitten",
  "producthierarchy_level4": "",
  "producthierarchy_level5": "",
  "producthierarchy_level6": "",
  "producthierarchy_level7": "",
  "currency": "Swiss franc",
  "file_name_1": "6015997_1.jpg",
  "image_url_1": "https://sortiment.lidl.ch/media/catalog/product/cache/38c728e59b3a47950872534eff8a1e63/6/0/6015997_Tiramisu_PSXX.jpg",
  "file_name_2": "6015997_2.jpg",
  "image_url_2": "https://sortiment.lidl.ch/media/catalog/product/cache/38c728e59b3a47950872534eff8a1e63/6/0/6015997_erdbeere_PSXX.jpg"
},
{
  "_id": {
    "$oid": "66f3a408d23ade1eec55fafe"
  },
  "unique_id": "6015993",
  "product_name": "Stabinger Ricottatorten",
  "brand": "Stabinger",
  "regular_price": 4.99,
  "selling_price": 4.99,
  "price_per_unit": "pro 300g | 100g = 1.67 CHF",
  "breadcrumb": "Sortiment > Sortiment > Stabinger Ricottatorten",
  "pdp_url": "https://sortiment.lidl.ch/de/stabinger-ricottatorten-6015993",
  "product_description": "Artikelnr.: 6015993",
  "producthierarchy_level1": "Sortiment",
  "producthierarchy_level2": "Sortiment",
  "producthierarchy_level3": "Stabinger Ricottatorten",
  "producthierarchy_level4": "",
  "producthierarchy_level5": "",
  "producthierarchy_level6": "",
  "producthierarchy_level7": "",
  "currency": "Swiss franc",
  "file_name_1": "6015993_1.jpg",
  "image_url_1": "https://sortiment.lidl.ch/media/catalog/product/cache/38c728e59b3a47950872534eff8a1e63/6/0/6015993_erdbeere_PSXX.jpg",
  "file_name_2": "6015993_2.jpg",
  "image_url_2": "https://sortiment.lidl.ch/media/catalog/product/cache/38c728e59b3a47950872534eff8a1e63/6/0/6015993_nature_PSXX.jpg"
},
{
  "_id": {
    "$oid": "66f3a409d23ade1eec55faff"
  },
  "unique_id": "5111414",
  "product_name": "High Protein Chicken Chips",
  "brand": "Maestade",
  "regular_price": 2.25,
  "selling_price": 2.25,
  "price_per_unit": "pro 40g | 100g = 5.63 CHF",
  "breadcrumb": "Sortiment > Sortiment > High Protein Chicken Chips",
  "pdp_url": "https://sortiment.lidl.ch/de/high-protein-chicken-chips-5111414",
  "product_description": "Artikelnr.: 5111414",
  "producthierarchy_level1": "Sortiment",
  "producthierarchy_level2": "Sortiment",
  "producthierarchy_level3": "High Protein Chicken Chips",
  "producthierarchy_level4": "",
  "producthierarchy_level5": "",
  "producthierarchy_level6": "",
  "producthierarchy_level7": "",
  "currency": "Swiss franc",
  "file_name_1": "5111414_1.jpg",
  "image_url_1": "https://sortiment.lidl.ch/media/catalog/product/cache/38c728e59b3a47950872534eff8a1e63/5/1/5111414_PSXX.jpg"
},
{
  "_id": {
    "$oid": "66f3a40bd23ade1eec55fb00"
  },
  "unique_id": "5111413",
  "product_name": "High Protein Beef Chips",
  "brand": "Maestade",
  "regular_price": 2.79,
  "selling_price": 2.79,
  "price_per_unit": "pro 40g | 100g = 6.98 CHF",
  "breadcrumb": "Sortiment > Sortiment > High Protein Beef Chips",
  "pdp_url": "https://sortiment.lidl.ch/de/high-protein-beef-chips-5111413",
  "product_description": "Artikelnr.: 5111413",
  "producthierarchy_level1": "Sortiment",
  "producthierarchy_level2": "Sortiment",
  "producthierarchy_level3": "High Protein Beef Chips",
  "producthierarchy_level4": "",
  "producthierarchy_level5": "",
  "producthierarchy_level6": "",
  "producthierarchy_level7": "",
  "currency": "Swiss franc",
  "file_name_1": "5111413_1.jpg",
  "image_url_1": "https://sortiment.lidl.ch/media/catalog/product/cache/38c728e59b3a47950872534eff8a1e63/5/1/5111413_PSXX.jpg"
},
{
  "_id": {
    "$oid": "66f3a40cd23ade1eec55fb01"
  },
  "unique_id": "5111303",
  "product_name": "Frische Beilagensalate",
  "brand": "Chef Select",
  "regular_price": 2.49,
  "selling_price": 2.49,
  "price_per_unit": "pro 250g, 280g | 100g = 1.00, 0.89 CHF",
  "breadcrumb": "Sortiment > Sortiment > Frische Beilagensalate",
  "pdp_url": "https://sortiment.lidl.ch/de/frische-beilagensalate-5111303",
  "product_description": "Artikelnr.: 5111303",
  "producthierarchy_level1": "Sortiment",
  "producthierarchy_level2": "Sortiment",
  "producthierarchy_level3": "Frische Beilagensalate",
  "producthierarchy_level4": "",
  "producthierarchy_level5": "",
  "producthierarchy_level6": "",
  "producthierarchy_level7": "",
  "currency": "Swiss franc",
  "file_name_1": "5111303_1.jpg",
  "image_url_1": "https://sortiment.lidl.ch/media/catalog/product/cache/38c728e59b3a47950872534eff8a1e63/5/1/5111303_Kidneybohnen_PSXX.jpg",
  "file_name_2": "5111303_2.jpg",
  "image_url_2": "https://sortiment.lidl.ch/media/catalog/product/cache/38c728e59b3a47950872534eff8a1e63/5/1/5111303_Linsen_PSXX.jpg",
  "file_name_3": "5111303_3.jpg",
  "image_url_3": "https://sortiment.lidl.ch/media/catalog/product/cache/38c728e59b3a47950872534eff8a1e63/5/1/5111303_Randen_PSXX.jpg"
},
{
  "_id": {
    "$oid": "66f3a40dd23ade1eec55fb02"
  },
  "unique_id": "5100671",
  "product_name": "Traditionelle Traiteursalate",
  "brand": "Chef Select",
  "regular_price": 3.25,
  "selling_price": 3.25,
  "price_per_unit": "pro 300g, 410g | 100g = 1.09, 0.80 CHF",
  "breadcrumb": "Sortiment > Sortiment > Traditionelle Traiteursalate",
  "pdp_url": "https://sortiment.lidl.ch/de/traditionelle-traiteursalate-5100671",
  "product_description": "Artikelnr.: 5100671",
  "producthierarchy_level1": "Sortiment",
  "producthierarchy_level2": "Sortiment",
  "producthierarchy_level3": "Traditionelle Traiteursalate",
  "producthierarchy_level4": "",
  "producthierarchy_level5": "",
  "producthierarchy_level6": "",
  "producthierarchy_level7": "",
  "currency": "Swiss franc",
  "file_name_1": "5100671_1.jpg",
  "image_url_1": "https://sortiment.lidl.ch/media/catalog/product/cache/38c728e59b3a47950872534eff8a1e63/5/1/5100671_Hoernlisalat_PSXX.jpg",
  "file_name_2": "5100671_2.jpg",
  "image_url_2": "https://sortiment.lidl.ch/media/catalog/product/cache/38c728e59b3a47950872534eff8a1e63/5/1/5100671_WurstKaese_PSXX.jpg"
},
{
  "_id": {
    "$oid": "66f3a40fd23ade1eec55fb03"
  },
  "unique_id": "5111613",
  "product_name": "Velo Ice Cool Mint Strong",
  "brand": "Velo Ice Cool",
  "regular_price": 7.99,
  "selling_price": 7.99,
  "price_per_unit": "pro 24 Stück | 1 Stk = 0.34 CHF",
  "breadcrumb": "Sortiment > Sortiment > Velo Ice Cool Mint Strong",
  "pdp_url": "https://sortiment.lidl.ch/de/velo-ice-cool-mint-strong-5111613",
  "product_description": "Artikelnr.: 5111613",
  "producthierarchy_level1": "Sortiment",
  "producthierarchy_level2": "Sortiment",
  "producthierarchy_level3": "Velo Ice Cool Mint Strong",
  "producthierarchy_level4": "",
  "producthierarchy_level5": "",
  "producthierarchy_level6": "",
  "producthierarchy_level7": "",
  "currency": "Swiss franc",
  "file_name_1": "5111613_1.jpg",
  "image_url_1": "https://sortiment.lidl.ch/media/catalog/product/cache/38c728e59b3a47950872534eff8a1e63/5/1/5111613_PSXX.jpg"
},
{
  "_id": {
    "$oid": "66f3a411d23ade1eec55fb04"
  },
  "unique_id": "131985",
  "product_name": "Bio Babynahrung 5+ Monate",
  "brand": "Lupilu",
  "regular_price": 1.49,
  "selling_price": 1.49,
  "price_per_unit": "pro 190g | 100g = 0.79 CHF",
  "breadcrumb": "Sortiment > Sortiment > Bio Babynahrung 5+ Monate",
  "pdp_url": "https://sortiment.lidl.ch/de/bio-babynahrung-5-monate-0131985",
  "product_description": "Artikelnr.: 131985",
  "producthierarchy_level1": "Sortiment",
  "producthierarchy_level2": "Sortiment",
  "producthierarchy_level3": "Bio Babynahrung 5+ Monate",
  "producthierarchy_level4": "",
  "producthierarchy_level5": "",
  "producthierarchy_level6": "",
  "producthierarchy_level7": "",
  "currency": "Swiss franc",
  "file_name_1": "131985_1.jpg",
  "image_url_1": "https://sortiment.lidl.ch/media/catalog/product/cache/38c728e59b3a47950872534eff8a1e63/1/3/131985_PSXX.jpg"
},
{
  "_id": {
    "$oid": "66f3a412d23ade1eec55fb05"
  },
  "unique_id": "5111529",
  "product_name": "Kräutertraum",
  "brand": "Fromani",
  "regular_price": 4.99,
  "selling_price": 4.99,
  "price_per_unit": "pro 150g | 100g = 3.33 CHF",
  "breadcrumb": "Sortiment > Sortiment > Kräutertraum",
  "pdp_url": "https://sortiment.lidl.ch/de/kraeutertraum-5111529",
  "product_description": "Artikelnr.: 5111529",
  "producthierarchy_level1": "Sortiment",
  "producthierarchy_level2": "Sortiment",
  "producthierarchy_level3": "Kräutertraum",
  "producthierarchy_level4": "",
  "producthierarchy_level5": "",
  "producthierarchy_level6": "",
  "producthierarchy_level7": "",
  "currency": "Swiss franc",
  "file_name_1": "5111529_1.jpg",
  "image_url_1": "https://sortiment.lidl.ch/media/catalog/product/cache/38c728e59b3a47950872534eff8a1e63/5/1/5111529_PSXX.jpg"
},
{
  "_id": {
    "$oid": "66f3a413d23ade1eec55fb06"
  },
  "unique_id": "5111092",
  "product_name": "Roter Kopfsalat",
  "brand": "Chef Select",
  "regular_price": 1.79,
  "selling_price": 1.79,
  "price_per_unit": "pro 160g | 100g = 1.12 CHF",
  "breadcrumb": "Sortiment > Sortiment > Roter Kopfsalat",
  "pdp_url": "https://sortiment.lidl.ch/de/roter-kopfsalat-5111092",
  "product_description": "Artikelnr.: 5111092",
  "producthierarchy_level1": "Sortiment",
  "producthierarchy_level2": "Sortiment",
  "producthierarchy_level3": "Roter Kopfsalat",
  "producthierarchy_level4": "",
  "producthierarchy_level5": "",
  "producthierarchy_level6": "",
  "producthierarchy_level7": "",
  "currency": "Swiss franc",
  "file_name_1": "5111092_1.jpg",
  "image_url_1": "https://sortiment.lidl.ch/media/catalog/product/cache/38c728e59b3a47950872534eff8a1e63/5/1/5111092_PSXX.jpg"
},
{
  "_id": {
    "$oid": "66f3a415d23ade1eec55fb07"
  },
  "unique_id": "162822",
  "product_name": "Snackoliven / Olivenmix",
  "brand": "Baresa",
  "regular_price": 1.79,
  "selling_price": 1.79,
  "price_per_unit": "pro 150g | 100g = 1.20 CHF",
  "breadcrumb": "Sortiment > Sortiment > Snackoliven / Olivenmix",
  "pdp_url": "https://sortiment.lidl.ch/de/snackoliven-olivenmix-0162822",
  "product_description": "Artikelnr.: 162822",
  "producthierarchy_level1": "Sortiment",
  "producthierarchy_level2": "Sortiment",
  "producthierarchy_level3": "Snackoliven / Olivenmix",
  "producthierarchy_level4": "",
  "producthierarchy_level5": "",
  "producthierarchy_level6": "",
  "producthierarchy_level7": "",
  "currency": "Swiss franc",
  "file_name_1": "162822_1.jpg",
  "image_url_1": "https://sortiment.lidl.ch/media/catalog/product/cache/38c728e59b3a47950872534eff8a1e63/1/6/162822_Kalamon_PSXX.jpg",
  "file_name_2": "162822_2.jpg",
  "image_url_2": "https://sortiment.lidl.ch/media/catalog/product/cache/38c728e59b3a47950872534eff8a1e63/1/6/162822_Zitrone_Basilikum_PSXX.jpg"
},
{
  "_id": {
    "$oid": "66f3a416d23ade1eec55fb08"
  },
  "unique_id": "12893",
  "product_name": "Röstzwiebeln",
  "brand": "Kania",
  "regular_price": 2.59,
  "selling_price": 2.59,
  "price_per_unit": "pro 150g | 100g = 1.73 CHF",
  "breadcrumb": "Sortiment > Sortiment > Röstzwiebeln",
  "pdp_url": "https://sortiment.lidl.ch/de/roestzwiebeln-0012893",
  "product_description": "Artikelnr.: 12893",
  "producthierarchy_level1": "Sortiment",
  "producthierarchy_level2": "Sortiment",
  "producthierarchy_level3": "Röstzwiebeln",
  "producthierarchy_level4": "",
  "producthierarchy_level5": "",
  "producthierarchy_level6": "",
  "producthierarchy_level7": "",
  "currency": "Swiss franc",
  "file_name_1": "12893_1.jpg",
  "image_url_1": "https://sortiment.lidl.ch/media/catalog/product/cache/38c728e59b3a47950872534eff8a1e63/1/2/12893_PSXX_001.jpg",
  "file_name_2": "12893_2.jpg",
  "image_url_2": "https://sortiment.lidl.ch/media/catalog/product/cache/38c728e59b3a47950872534eff8a1e63/1/2/12893_USA_PSXX.jpg"
},
{
  "_id": {
    "$oid": "66f3a417d23ade1eec55fb09"
  },
  "unique_id": "7711334",
  "product_name": "Vegane Teigwaren",
  "brand": "Vemondo",
  "regular_price": 1.99,
  "selling_price": 1.99,
  "price_per_unit": "pro 500g | 100g = 0.40 CHF",
  "breadcrumb": "Sortiment > Sortiment > Vegane Teigwaren",
  "pdp_url": "https://sortiment.lidl.ch/de/vegane-teigwaren-7711334",
  "product_description": "Artikelnr.: 7711334",
  "producthierarchy_level1": "Sortiment",
  "producthierarchy_level2": "Sortiment",
  "producthierarchy_level3": "Vegane Teigwaren",
  "producthierarchy_level4": "",
  "producthierarchy_level5": "",
  "producthierarchy_level6": "",
  "producthierarchy_level7": "",
  "currency": "Swiss franc",
  "file_name_1": "7711334_1.jpg",
  "image_url_1": "https://sortiment.lidl.ch/media/catalog/product/cache/38c728e59b3a47950872534eff8a1e63/7/7/7711334_Schupfnudeln_PSXX.jpg",
  "file_name_2": "7711334_2.jpg",
  "image_url_2": "https://sortiment.lidl.ch/media/catalog/product/cache/38c728e59b3a47950872534eff8a1e63/7/7/7711334_Spaetzle_PSXX.jpg"
},
{
  "_id": {
    "$oid": "66f3a418d23ade1eec55fb0a"
  },
  "unique_id": "5111402",
  "product_name": "Bio Knusper-Holzofenbrot",
  "brand": "",
  "regular_price": 3.79,
  "selling_price": 3.79,
  "price_per_unit": "pro 390g | 100g = 0.98 CHF",
  "breadcrumb": "Sortiment > Sortiment > Bio Knusper-Holzofenbrot",
  "pdp_url": "https://sortiment.lidl.ch/de/bio-knusper-holzofenbrot-5111402",
  "product_description": "Artikelnr.: 5111402 Bio Weizenbrot. Zutaten: 60% Weizenmehl1 [weiss, ruch, vollkorn], Wasser, 5,5% Roggenschrot1 , Roggensauerteig [Wasser, Roggenvollkornmehl1 , Hefe1], Sesam1,  Haferflocken1, Speisesalz jodiert, Weizenkeime1 , Hefe1, Röstroggen1, Oblade [Maisstärke1, Kartoffelstärke1, Kakaopulver1, Zucker1, Karamell1, Emulgator: Sonnenblumenlecithine1]. Kann Spuren von Ei, Erdnüsse, Soja, Milch, Schalenfrüchte (Nüsse), Sellerie, Senf und Sulfiten enthalten. 1aus biologischer Landwirtschaft. Hergestellt in der Schweiz. CH-BIO-006",
  "producthierarchy_level1": "Sortiment",
  "producthierarchy_level2": "Sortiment",
  "producthierarchy_level3": "Bio Knusper-Holzofenbrot",
  "producthierarchy_level4": "",
  "producthierarchy_level5": "",
  "producthierarchy_level6": "",
  "producthierarchy_level7": "",
  "currency": "Swiss franc",
  "file_name_1": "5111402_1.jpg",
  "image_url_1": "https://sortiment.lidl.ch/media/catalog/product/cache/38c728e59b3a47950872534eff8a1e63/5/1/5111402_FKBF.jpg"
},
{
  "_id": {
    "$oid": "66f3a419d23ade1eec55fb0b"
  },
  "unique_id": "5111342",
  "product_name": "Chio Jumpys Sunny Paprika",
  "brand": "Chio",
  "regular_price": 2.85,
  "selling_price": 2.85,
  "price_per_unit": "pro 100g",
  "breadcrumb": "Sortiment > Sortiment > Chio Jumpys Sunny Paprika",
  "pdp_url": "https://sortiment.lidl.ch/de/chio-jumpys-sunny-paprika-5111342",
  "product_description": "Artikelnr.: 5111342",
  "producthierarchy_level1": "Sortiment",
  "producthierarchy_level2": "Sortiment",
  "producthierarchy_level3": "Chio Jumpys Sunny Paprika",
  "producthierarchy_level4": "",
  "producthierarchy_level5": "",
  "producthierarchy_level6": "",
  "producthierarchy_level7": "",
  "currency": "Swiss franc",
  "file_name_1": "5111342_1.jpg",
  "image_url_1": "https://sortiment.lidl.ch/media/catalog/product/cache/38c728e59b3a47950872534eff8a1e63/5/1/5111342_PSXX.jpg"
},
{
  "_id": {
    "$oid": "66f3a41ad23ade1eec55fb0c"
  },
  "unique_id": "5111226",
  "product_name": "Multivitaminsaft",
  "brand": "Solevita",
  "regular_price": 1.65,
  "selling_price": 1.65,
  "price_per_unit": "pro 1l",
  "breadcrumb": "Sortiment > Sortiment > Multivitaminsaft",
  "pdp_url": "https://sortiment.lidl.ch/de/multivitaminsaft-5111226",
  "product_description": "Artikelnr.: 5111226",
  "producthierarchy_level1": "Sortiment",
  "producthierarchy_level2": "Sortiment",
  "producthierarchy_level3": "Multivitaminsaft",
  "producthierarchy_level4": "",
  "producthierarchy_level5": "",
  "producthierarchy_level6": "",
  "producthierarchy_level7": "",
  "currency": "Swiss franc",
  "file_name_1": "5111226_1.jpg",
  "image_url_1": "https://sortiment.lidl.ch/media/catalog/product/cache/38c728e59b3a47950872534eff8a1e63/5/1/5111226_PSXX.jpg"
},
{
  "_id": {
    "$oid": "66f3a41cd23ade1eec55fb0d"
  },
  "unique_id": "12038",
  "product_name": "Chow Mein Nudeln",
  "brand": "Combino",
  "regular_price": 1.59,
  "selling_price": 1.59,
  "price_per_unit": "pro 250g | 100g = 0.64 CHF",
  "breadcrumb": "Sortiment > Sortiment > Chow Mein Nudeln",
  "pdp_url": "https://sortiment.lidl.ch/de/chow-mein-nudeln-0012038",
  "product_description": "Artikelnr.: 12038",
  "producthierarchy_level1": "Sortiment",
  "producthierarchy_level2": "Sortiment",
  "producthierarchy_level3": "Chow Mein Nudeln",
  "producthierarchy_level4": "",
  "producthierarchy_level5": "",
  "producthierarchy_level6": "",
  "producthierarchy_level7": "",
  "currency": "Swiss franc",
  "file_name_1": "12038_1.jpg",
  "image_url_1": "https://sortiment.lidl.ch/media/catalog/product/cache/38c728e59b3a47950872534eff8a1e63/1/2/12038_Combino_PSXX.jpg",
  "file_name_2": "12038_2.jpg",
  "image_url_2": "https://sortiment.lidl.ch/media/catalog/product/cache/38c728e59b3a47950872534eff8a1e63/1/2/12038_vitasia_PSXX.jpg"
},
{
  "_id": {
    "$oid": "66f3a41dd23ade1eec55fb0e"
  },
  "unique_id": "5111289",
  "product_name": "Wander Caotina Original",
  "brand": "Wander",
  "regular_price": 11.19,
  "selling_price": 11.19,
  "price_per_unit": "pro 750g | 100g = 1.50 CHF",
  "breadcrumb": "Sortiment > Sortiment > Wander Caotina Original",
  "pdp_url": "https://sortiment.lidl.ch/de/wander-caotina-original-5111289",
  "product_description": "Artikelnr.: 5111289",
  "producthierarchy_level1": "Sortiment",
  "producthierarchy_level2": "Sortiment",
  "producthierarchy_level3": "Wander Caotina Original",
  "producthierarchy_level4": "",
  "producthierarchy_level5": "",
  "producthierarchy_level6": "",
  "producthierarchy_level7": "",
  "currency": "Swiss franc",
  "file_name_1": "5111289_1.jpg",
  "image_url_1": "https://sortiment.lidl.ch/media/catalog/product/cache/38c728e59b3a47950872534eff8a1e63/5/1/5111289_Einzeln_PSXX.jpg"
},
{
  "_id": {
    "$oid": "66f3a41ed23ade1eec55fb0f"
  },
  "unique_id": "5111100",
  "product_name": "Cevapcici vom Rind",
  "brand": "Culinea",
  "regular_price": 9.99,
  "selling_price": 9.99,
  "price_per_unit": "pro 750g | 100g = 1.34 CHF",
  "breadcrumb": "Sortiment > Sortiment > Cevapcici vom Rind",
  "pdp_url": "https://sortiment.lidl.ch/de/cevapcici-vom-rind-5111100",
  "product_description": "Artikelnr.: 5111100",
  "producthierarchy_level1": "Sortiment",
  "producthierarchy_level2": "Sortiment",
  "producthierarchy_level3": "Cevapcici vom Rind",
  "producthierarchy_level4": "",
  "producthierarchy_level5": "",
  "producthierarchy_level6": "",
  "producthierarchy_level7": "",
  "currency": "Swiss franc",
  "file_name_1": "5111100_1.jpg",
  "image_url_1": "https://sortiment.lidl.ch/media/catalog/product/cache/38c728e59b3a47950872534eff8a1e63/5/1/5111100_PSXX.jpg"
},
{
  "_id": {
    "$oid": "66f3a420d23ade1eec55fb10"
  },
  "unique_id": "7306429",
  "product_name": "Burek",
  "brand": "Culinea",
  "regular_price": 5.99,
  "selling_price": 5.99,
  "price_per_unit": "pro 750g | 100g = 0.80 CHF",
  "breadcrumb": "Sortiment > Sortiment > Burek",
  "pdp_url": "https://sortiment.lidl.ch/de/burek-7306429",
  "product_description": "Artikelnr.: 7306429",
  "producthierarchy_level1": "Sortiment",
  "producthierarchy_level2": "Sortiment",
  "producthierarchy_level3": "Burek",
  "producthierarchy_level4": "",
  "producthierarchy_level5": "",
  "producthierarchy_level6": "",
  "producthierarchy_level7": "",
  "currency": "Swiss franc",
  "file_name_1": "7306429_1.jpg",
  "image_url_1": "https://sortiment.lidl.ch/media/catalog/product/cache/38c728e59b3a47950872534eff8a1e63/7/3/7306429_PSXX.jpg"
},
{
  "_id": {
    "$oid": "66f3a421d23ade1eec55fb11"
  },
  "unique_id": "189222",
  "product_name": "Pure Taste Hundevollnahrung",
  "brand": "Orlando",
  "regular_price": 1.35,
  "selling_price": 1.35,
  "price_per_unit": "pro 400g | 100g = 0.34 CHF",
  "breadcrumb": "Sortiment > Sortiment > Pure Taste Hundevollnahrung",
  "pdp_url": "https://sortiment.lidl.ch/de/pure-taste-hundevollnahrung-0189222",
  "product_description": "Artikelnr.: 189222",
  "producthierarchy_level1": "Sortiment",
  "producthierarchy_level2": "Sortiment",
  "producthierarchy_level3": "Pure Taste Hundevollnahrung",
  "producthierarchy_level4": "",
  "producthierarchy_level5": "",
  "producthierarchy_level6": "",
  "producthierarchy_level7": "",
  "currency": "Swiss franc",
  "file_name_1": "189222_1.jpg",
  "image_url_1": "https://sortiment.lidl.ch/media/catalog/product/cache/38c728e59b3a47950872534eff8a1e63/1/8/189222_Gefluegel_PSXX.jpg",
  "file_name_2": "189222_2.jpg",
  "image_url_2": "https://sortiment.lidl.ch/media/catalog/product/cache/38c728e59b3a47950872534eff8a1e63/1/8/189222_Hund_Kolli_PSXX.jpg",
  "file_name_3": "189222_3.jpg",
  "image_url_3": "https://sortiment.lidl.ch/media/catalog/product/cache/38c728e59b3a47950872534eff8a1e63/1/8/189222_Kalb_PSXX.jpg",
  "file_name_4": "189222_4.jpg",
  "image_url_4": "https://sortiment.lidl.ch/media/catalog/product/cache/38c728e59b3a47950872534eff8a1e63/1/8/189222_Pute_PSXX.jpg"
},
{
  "_id": {
    "$oid": "66f3a422d23ade1eec55fb12"
  },
  "unique_id": "5110593",
  "product_name": "Hackfleisch gemischt light",
  "brand": "Bonvalle",
  "regular_price": 5.99,
  "selling_price": 5.99,
  "price_per_unit": "pro 370g | 100g = 1.62 CHF",
  "breadcrumb": "Sortiment > Sortiment > Hackfleisch gemischt light",
  "pdp_url": "https://sortiment.lidl.ch/de/hackfleisch-gemischt-light-5110593",
  "product_description": "Artikelnr.: 5110593",
  "producthierarchy_level1": "Sortiment",
  "producthierarchy_level2": "Sortiment",
  "producthierarchy_level3": "Hackfleisch gemischt light",
  "producthierarchy_level4": "",
  "producthierarchy_level5": "",
  "producthierarchy_level6": "",
  "producthierarchy_level7": "",
  "currency": "Swiss franc",
  "file_name_1": "5110593_1.jpg",
  "image_url_1": "https://sortiment.lidl.ch/media/catalog/product/cache/38c728e59b3a47950872534eff8a1e63/5/1/5110593_FKBF.jpg",
  "file_name_2": "5110593_2.jpg",
  "image_url_2": "https://sortiment.lidl.ch/media/catalog/product/cache/38c728e59b3a47950872534eff8a1e63/5/1/5110593_PSXX.jpg"
},
{
  "_id": {
    "$oid": "66f3a424d23ade1eec55fb13"
  },
  "unique_id": "5111223",
  "product_name": "Bio Apfelsaft naturtrüb",
  "brand": "Solevita",
  "regular_price": 1.99,
  "selling_price": 1.99,
  "price_per_unit": "pro 1000ml",
  "breadcrumb": "Sortiment > Sortiment > Bio Apfelsaft naturtrüb",
  "pdp_url": "https://sortiment.lidl.ch/de/bio-apfelsaft-naturtrueb-5111223",
  "product_description": "Artikelnr.: 5111223",
  "producthierarchy_level1": "Sortiment",
  "producthierarchy_level2": "Sortiment",
  "producthierarchy_level3": "Bio Apfelsaft naturtrüb",
  "producthierarchy_level4": "",
  "producthierarchy_level5": "",
  "producthierarchy_level6": "",
  "producthierarchy_level7": "",
  "currency": "Swiss franc",
  "file_name_1": "5111223_1.jpg",
  "image_url_1": "https://sortiment.lidl.ch/media/catalog/product/cache/38c728e59b3a47950872534eff8a1e63/5/1/5111223_PSXX.jpg"
},
{
  "_id": {
    "$oid": "66f3a425d23ade1eec55fb14"
  },
  "unique_id": "5111224",
  "product_name": "Apfelsaft",
  "brand": "Solevita",
  "regular_price": 1.79,
  "selling_price": 1.79,
  "price_per_unit": "pro 1,5l | 1L = 1.20 CHF",
  "breadcrumb": "Sortiment > Sortiment > Apfelsaft",
  "pdp_url": "https://sortiment.lidl.ch/de/apfelsaft-5111224",
  "product_description": "Artikelnr.: 5111224",
  "producthierarchy_level1": "Sortiment",
  "producthierarchy_level2": "Sortiment",
  "producthierarchy_level3": "Apfelsaft",
  "producthierarchy_level4": "",
  "producthierarchy_level5": "",
  "producthierarchy_level6": "",
  "producthierarchy_level7": "",
  "currency": "Swiss franc",
  "file_name_1": "5111224_1.jpg",
  "image_url_1": "https://sortiment.lidl.ch/media/catalog/product/cache/38c728e59b3a47950872534eff8a1e63/5/1/5111224_PSXX.jpg"
},
{
  "_id": {
    "$oid": "66f3a427d23ade1eec55fb15"
  },
  "unique_id": "5111212",
  "product_name": "Lammfiletspiess mariniert",
  "brand": "Carnesi",
  "regular_price": 3.49,
  "selling_price": 3.49,
  "price_per_unit": "pro 100g, ca. 200-300g",
  "breadcrumb": "Sortiment > Sortiment > Lammfiletspiess mariniert",
  "pdp_url": "https://sortiment.lidl.ch/de/lammfiletspiess-mariniert-5111212",
  "product_description": "Artikelnr.: 5111212",
  "producthierarchy_level1": "Sortiment",
  "producthierarchy_level2": "Sortiment",
  "producthierarchy_level3": "Lammfiletspiess mariniert",
  "producthierarchy_level4": "",
  "producthierarchy_level5": "",
  "producthierarchy_level6": "",
  "producthierarchy_level7": "",
  "currency": "Swiss franc",
  "file_name_1": "5111212_1.jpg",
  "image_url_1": "https://sortiment.lidl.ch/media/catalog/product/cache/38c728e59b3a47950872534eff8a1e63/5/1/5111212_FKBF.jpg",
  "file_name_2": "5111212_2.jpg",
  "image_url_2": "https://sortiment.lidl.ch/media/catalog/product/cache/38c728e59b3a47950872534eff8a1e63/5/1/5111212_PSXX.jpg"
},
{
  "_id": {
    "$oid": "66f3a429d23ade1eec55fb16"
  },
  "unique_id": "180519",
  "product_name": "L'Oreal Paris Elvital Spülung / Maske",
  "brand": "L'Oreal Paris",
  "regular_price": 5.49,
  "selling_price": 5.49,
  "price_per_unit": "pro 300ml | 100ML = 2.20, 1.83 CHF",
  "breadcrumb": "Sortiment > Sortiment > L'Oreal Paris Elvital Spülung / Maske",
  "pdp_url": "https://sortiment.lidl.ch/de/l-oreal-paris-elvital-spuelung-maske-0180519",
  "product_description": "Artikelnr.: 180519",
  "producthierarchy_level1": "Sortiment",
  "producthierarchy_level2": "Sortiment",
  "producthierarchy_level3": "L'Oreal Paris Elvital Spülung / Maske",
  "producthierarchy_level4": "",
  "producthierarchy_level5": "",
  "producthierarchy_level6": "",
  "producthierarchy_level7": "",
  "currency": "Swiss franc",
  "file_name_1": "180519_1.jpg",
  "image_url_1": "https://sortiment.lidl.ch/media/catalog/product/cache/38c728e59b3a47950872534eff8a1e63/1/8/180519_Color_Glanz_PSXX.jpg",
  "file_name_2": "180519_2.jpg",
  "image_url_2": "https://sortiment.lidl.ch/media/catalog/product/cache/38c728e59b3a47950872534eff8a1e63/1/8/180519_Dream_Length_PSXX.jpg",
  "file_name_3": "180519_3.jpg",
  "image_url_3": "https://sortiment.lidl.ch/media/catalog/product/cache/38c728e59b3a47950872534eff8a1e63/1/8/180519_Maske_ColorGlanz_PSXX.jpg",
  "file_name_4": "180519_4.jpg",
  "image_url_4": "https://sortiment.lidl.ch/media/catalog/product/cache/38c728e59b3a47950872534eff8a1e63/1/8/180519_Maske_DreamLength_PSXX.jpg"
},
{
  "_id": {
    "$oid": "66f3a42ad23ade1eec55fb17"
  },
  "unique_id": "180516",
  "product_name": "L'Oréal Paris Elvital Shampoo",
  "brand": "",
  "regular_price": 5.49,
  "selling_price": 5.49,
  "price_per_unit": "pro 400ml | 100ML = 1.38 CHF",
  "breadcrumb": "Sortiment > Sortiment > L'Oréal Paris Elvital Shampoo",
  "pdp_url": "https://sortiment.lidl.ch/de/l-oreal-paris-elvital-shampoo-0180516",
  "product_description": "Artikelnr.: 180516",
  "producthierarchy_level1": "Sortiment",
  "producthierarchy_level2": "Sortiment",
  "producthierarchy_level3": "L'Oréal Paris Elvital Shampoo",
  "producthierarchy_level4": "",
  "producthierarchy_level5": "",
  "producthierarchy_level6": "",
  "producthierarchy_level7": "",
  "currency": "Swiss franc",
  "file_name_1": "180516_1.jpg",
  "image_url_1": "https://sortiment.lidl.ch/media/catalog/product/cache/38c728e59b3a47950872534eff8a1e63/1/8/180516_AntiHaarbruch_PSXX.jpg",
  "file_name_2": "180516_2.jpg",
  "image_url_2": "https://sortiment.lidl.ch/media/catalog/product/cache/38c728e59b3a47950872534eff8a1e63/1/8/180516_Color_Glanz_PSXX.jpg",
  "file_name_3": "180516_3.jpg",
  "image_url_3": "https://sortiment.lidl.ch/media/catalog/product/cache/38c728e59b3a47950872534eff8a1e63/1/8/180516_Dream_Length_PSXX.jpg"
},
{
  "_id": {
    "$oid": "66f3a42bd23ade1eec55fb18"
  },
  "unique_id": "180003",
  "product_name": "Geschirr-Reiniger- Tabs",
  "brand": "W5",
  "regular_price": 4.19,
  "selling_price": 4.19,
  "price_per_unit": "pro 60x15g | 1 Stk = 0.07 CHF",
  "breadcrumb": "Sortiment > Sortiment > Geschirr-Reiniger- Tabs",
  "pdp_url": "https://sortiment.lidl.ch/de/geschirr-reiniger-tabs-0180003",
  "product_description": "Artikelnr.: 180003",
  "producthierarchy_level1": "Sortiment",
  "producthierarchy_level2": "Sortiment",
  "producthierarchy_level3": "Geschirr-Reiniger- Tabs",
  "producthierarchy_level4": "",
  "producthierarchy_level5": "",
  "producthierarchy_level6": "",
  "producthierarchy_level7": "",
  "currency": "Swiss franc",
  "file_name_1": "180003_1.jpg",
  "image_url_1": "https://sortiment.lidl.ch/media/catalog/product/cache/38c728e59b3a47950872534eff8a1e63/1/8/180003_PSXX_.jpg"
},
{
  "_id": {
    "$oid": "66f3a42dd23ade1eec55fb19"
  },
  "unique_id": "110447",
  "product_name": "Orangensaft",
  "brand": "Solevita",
  "regular_price": 1.99,
  "selling_price": 1.99,
  "price_per_unit": "pro 1000ml",
  "breadcrumb": "Sortiment > Sortiment > Orangensaft",
  "pdp_url": "https://sortiment.lidl.ch/de/orangensaft-0110447",
  "product_description": "Artikelnr.: 110447",
  "producthierarchy_level1": "Sortiment",
  "producthierarchy_level2": "Sortiment",
  "producthierarchy_level3": "Orangensaft",
  "producthierarchy_level4": "",
  "producthierarchy_level5": "",
  "producthierarchy_level6": "",
  "producthierarchy_level7": "",
  "currency": "Swiss franc",
  "file_name_1": "110447_1.jpg",
  "image_url_1": "https://sortiment.lidl.ch/media/catalog/product/cache/38c728e59b3a47950872534eff8a1e63/1/1/110447_milde_Orange_PSXX.jpg",
  "file_name_2": "110447_2.jpg",
  "image_url_2": "https://sortiment.lidl.ch/media/catalog/product/cache/38c728e59b3a47950872534eff8a1e63/1/1/110447_mit_Fruchtfleisch_PSXX.jpg"
},
{
  "_id": {
    "$oid": "66f3a42ed23ade1eec55fb1a"
  },
  "unique_id": "5110066",
  "product_name": "Crème Fraîche mit Kräutern",
  "brand": "Milbona",
  "regular_price": 2.79,
  "selling_price": 2.79,
  "price_per_unit": "pro 200g | 100g = 1.40 CHF",
  "breadcrumb": "Sortiment > Sortiment > Crème Fraîche mit Kräutern",
  "pdp_url": "https://sortiment.lidl.ch/de/creme-fraiche-mit-kraeutern-5110066",
  "product_description": "Artikelnr.: 5110066",
  "producthierarchy_level1": "Sortiment",
  "producthierarchy_level2": "Sortiment",
  "producthierarchy_level3": "Crème Fraîche mit Kräutern",
  "producthierarchy_level4": "",
  "producthierarchy_level5": "",
  "producthierarchy_level6": "",
  "producthierarchy_level7": "",
  "currency": "Swiss franc",
  "file_name_1": "5110066_1.jpg",
  "image_url_1": "https://sortiment.lidl.ch/media/catalog/product/cache/38c728e59b3a47950872534eff8a1e63/5/1/5110066_PSXX.jpg"
},
{
  "_id": {
    "$oid": "66f3a42fd23ade1eec55fb1b"
  },
  "unique_id": "5110778",
  "product_name": "Sbrinz AOP gerieben",
  "brand": "Fromani",
  "regular_price": 2.79,
  "selling_price": 2.79,
  "price_per_unit": "pro 130g | 100g = 2.15 CHF",
  "breadcrumb": "Sortiment > Sortiment > Sbrinz AOP gerieben",
  "pdp_url": "https://sortiment.lidl.ch/de/sbrinz-aop-gerieben-5110778",
  "product_description": "Artikelnr.: 5110778",
  "producthierarchy_level1": "Sortiment",
  "producthierarchy_level2": "Sortiment",
  "producthierarchy_level3": "Sbrinz AOP gerieben",
  "producthierarchy_level4": "",
  "producthierarchy_level5": "",
  "producthierarchy_level6": "",
  "producthierarchy_level7": "",
  "currency": "Swiss franc",
  "file_name_1": "5110778_1.jpg",
  "image_url_1": "https://sortiment.lidl.ch/media/amasty/amoptmobile/catalog/product/cache/38c728e59b3a47950872534eff8a1e63/5/1/5110778_PSXX.jpg"
},
{
  "_id": {
    "$oid": "66f3a430d23ade1eec55fb1c"
  },
  "unique_id": "181100",
  "product_name": "Chips Crinkle Cut",
  "brand": "Snack Day",
  "regular_price": 2.25,
  "selling_price": 2.25,
  "price_per_unit": "pro 150g | 100g = 1.50 CHF",
  "breadcrumb": "Sortiment > Sortiment > Chips Crinkle Cut",
  "pdp_url": "https://sortiment.lidl.ch/de/chips-crinkle-cut-0181100",
  "product_description": "Artikelnr.: 181100",
  "producthierarchy_level1": "Sortiment",
  "producthierarchy_level2": "Sortiment",
  "producthierarchy_level3": "Chips Crinkle Cut",
  "producthierarchy_level4": "",
  "producthierarchy_level5": "",
  "producthierarchy_level6": "",
  "producthierarchy_level7": "",
  "currency": "Swiss franc",
  "file_name_1": "181100_1.jpg",
  "image_url_1": "https://sortiment.lidl.ch/media/catalog/product/cache/38c728e59b3a47950872534eff8a1e63/1/8/181100_Chilli_PSXX.jpg",
  "file_name_2": "181100_2.jpg",
  "image_url_2": "https://sortiment.lidl.ch/media/catalog/product/cache/38c728e59b3a47950872534eff8a1e63/1/8/181100_Paprika_PSXX.jpg"
},
{
  "_id": {
    "$oid": "66f3a431d23ade1eec55fb1d"
  },
  "unique_id": "150221",
  "product_name": "Bio Passierte Tomaten",
  "brand": "Baresa",
  "regular_price": 1.59,
  "selling_price": 1.59,
  "price_per_unit": "pro 700g | 100g = 0.23 CHF",
  "breadcrumb": "Sortiment > Sortiment > Bio Passierte Tomaten",
  "pdp_url": "https://sortiment.lidl.ch/de/bio-passierte-tomaten-0150221",
  "product_description": "Artikelnr.: 150221",
  "producthierarchy_level1": "Sortiment",
  "producthierarchy_level2": "Sortiment",
  "producthierarchy_level3": "Bio Passierte Tomaten",
  "producthierarchy_level4": "",
  "producthierarchy_level5": "",
  "producthierarchy_level6": "",
  "producthierarchy_level7": "",
  "currency": "Swiss franc",
  "file_name_1": "150221_1.jpg",
  "image_url_1": "https://sortiment.lidl.ch/media/catalog/product/cache/38c728e59b3a47950872534eff8a1e63/1/5/150221_PSXX.jpg"
},
{
  "_id": {
    "$oid": "66f3a433d23ade1eec55fb1e"
  },
  "unique_id": "167382",
  "product_name": "Salatfixe",
  "brand": "Kania",
  "regular_price": 0.79,
  "selling_price": 0.79,
  "price_per_unit": "pro 40g | 100g = 1.98 CHF",
  "breadcrumb": "Sortiment > Sortiment > Salatfixe",
  "pdp_url": "https://sortiment.lidl.ch/de/salatfixe-0167382",
  "product_description": "Artikelnr.: 167382",
  "producthierarchy_level1": "Sortiment",
  "producthierarchy_level2": "Sortiment",
  "producthierarchy_level3": "Salatfixe",
  "producthierarchy_level4": "",
  "producthierarchy_level5": "",
  "producthierarchy_level6": "",
  "producthierarchy_level7": "",
  "currency": "Swiss franc",
  "file_name_1": "167382_1.jpg",
  "image_url_1": "https://sortiment.lidl.ch/media/catalog/product/cache/38c728e59b3a47950872534eff8a1e63/1/6/167382_DillKraeuter_PSXX.jpg",
  "file_name_2": "167382_2.jpg",
  "image_url_2": "https://sortiment.lidl.ch/media/catalog/product/cache/38c728e59b3a47950872534eff8a1e63/1/6/167382_Gartenkraeuter_PSXX.jpg",
  "file_name_3": "167382_3.jpg",
  "image_url_3": "https://sortiment.lidl.ch/media/catalog/product/cache/38c728e59b3a47950872534eff8a1e63/1/6/167382_Kuechenkraeuter_PSXX.jpg"
},
{
  "_id": {
    "$oid": "66f3a434d23ade1eec55fb1f"
  },
  "unique_id": "163247",
  "product_name": "Bio Blütenhonig",
  "brand": "Maribel",
  "regular_price": 3.79,
  "selling_price": 3.79,
  "price_per_unit": "pro 340g | 100g = 1.12 CHF",
  "breadcrumb": "Sortiment > Sortiment > Bio Blütenhonig",
  "pdp_url": "https://sortiment.lidl.ch/de/bio-bluetenhonig-0163247",
  "product_description": "Artikelnr.: 163247",
  "producthierarchy_level1": "Sortiment",
  "producthierarchy_level2": "Sortiment",
  "producthierarchy_level3": "Bio Blütenhonig",
  "producthierarchy_level4": "",
  "producthierarchy_level5": "",
  "producthierarchy_level6": "",
  "producthierarchy_level7": "",
  "currency": "Swiss franc",
  "file_name_1": "163247_1.jpg",
  "image_url_1": "https://sortiment.lidl.ch/media/catalog/product/cache/38c728e59b3a47950872534eff8a1e63/1/6/163247_Cremig_PSXX.jpg",
  "file_name_2": "163247_2.jpg",
  "image_url_2": "https://sortiment.lidl.ch/media/catalog/product/cache/38c728e59b3a47950872534eff8a1e63/1/6/163247_Fluessig_PSXX.jpg"
},
{
  "_id": {
    "$oid": "66f3a435d23ade1eec55fb20"
  },
  "unique_id": "124377",
  "product_name": "Blütenhonig",
  "brand": "Maribel",
  "regular_price": 3.49,
  "selling_price": 3.49,
  "price_per_unit": "pro 500g | 100g = 0.70 CHF",
  "breadcrumb": "Sortiment > Sortiment > Blütenhonig",
  "pdp_url": "https://sortiment.lidl.ch/de/bluetenhonig-0124377",
  "product_description": "Artikelnr.: 124377",
  "producthierarchy_level1": "Sortiment",
  "producthierarchy_level2": "Sortiment",
  "producthierarchy_level3": "Blütenhonig",
  "producthierarchy_level4": "",
  "producthierarchy_level5": "",
  "producthierarchy_level6": "",
  "producthierarchy_level7": "",
  "currency": "Swiss franc",
  "file_name_1": "124377_1.jpg",
  "image_url_1": "https://sortiment.lidl.ch/media/catalog/product/cache/38c728e59b3a47950872534eff8a1e63/1/2/124377_cremig_PSXX.jpg",
  "file_name_2": "124377_2.jpg",
  "image_url_2": "https://sortiment.lidl.ch/media/catalog/product/cache/38c728e59b3a47950872534eff8a1e63/1/2/124377_goldklar_PSXX.jpg"
},
{
  "_id": {
    "$oid": "66f3a436d23ade1eec55fb21"
  },
  "unique_id": "27812",
  "product_name": "Blütenhonig / Waldhonig",
  "brand": "Marlene",
  "regular_price": 4.39,
  "selling_price": 4.39,
  "price_per_unit": "pro 500g | 100g = 0.88 CHF",
  "breadcrumb": "Sortiment > Sortiment > Blütenhonig / Waldhonig",
  "pdp_url": "https://sortiment.lidl.ch/de/bluetenhonig-waldhonig-0027812",
  "product_description": "Artikelnr.: 27812",
  "producthierarchy_level1": "Sortiment",
  "producthierarchy_level2": "Sortiment",
  "producthierarchy_level3": "Blütenhonig / Waldhonig",
  "producthierarchy_level4": "",
  "producthierarchy_level5": "",
  "producthierarchy_level6": "",
  "producthierarchy_level7": "",
  "currency": "Swiss franc",
  "file_name_1": "27812_1.jpg",
  "image_url_1": "https://sortiment.lidl.ch/media/catalog/product/cache/38c728e59b3a47950872534eff8a1e63/2/7/27812_Bluetenhonig_PSXX.jpg",
  "file_name_2": "27812_2.jpg",
  "image_url_2": "https://sortiment.lidl.ch/media/catalog/product/cache/38c728e59b3a47950872534eff8a1e63/2/7/27812_Waldhonig_PSXX.jpg"
},
{
  "_id": {
    "$oid": "66f3a437d23ade1eec55fb22"
  },
  "unique_id": "149672",
  "product_name": "Fruchtaufstrich light",
  "brand": "Maribel",
  "regular_price": 1.59,
  "selling_price": 1.59,
  "price_per_unit": "pro 230g | 100g = 0.70 CHF",
  "breadcrumb": "Sortiment > Sortiment > Fruchtaufstrich light",
  "pdp_url": "https://sortiment.lidl.ch/de/fruchtaufstrich-light-0149672",
  "product_description": "Artikelnr.: 149672",
  "producthierarchy_level1": "Sortiment",
  "producthierarchy_level2": "Sortiment",
  "producthierarchy_level3": "Fruchtaufstrich light",
  "producthierarchy_level4": "",
  "producthierarchy_level5": "",
  "producthierarchy_level6": "",
  "producthierarchy_level7": "",
  "currency": "Swiss franc",
  "file_name_1": "149672_1.jpg",
  "image_url_1": "https://sortiment.lidl.ch/media/catalog/product/cache/38c728e59b3a47950872534eff8a1e63/1/4/149672_Aprikose_PSXX.jpg",
  "file_name_2": "149672_2.jpg",
  "image_url_2": "https://sortiment.lidl.ch/media/catalog/product/cache/38c728e59b3a47950872534eff8a1e63/1/4/149672_Erdbeere_PSXX.jpg",
  "file_name_3": "149672_3.jpg",
  "image_url_3": "https://sortiment.lidl.ch/media/catalog/product/cache/38c728e59b3a47950872534eff8a1e63/1/4/149672_Himbeere_PSXX.jpg"
},
{
  "_id": {
    "$oid": "66f3a438d23ade1eec55fb23"
  },
  "unique_id": "5110798",
  "product_name": "Emmentaler AOP mild",
  "brand": "Fromani",
  "regular_price": 3.85,
  "selling_price": 3.85,
  "price_per_unit": "pro 250g | 100g = 1.54 CHF",
  "breadcrumb": "Sortiment > Sortiment > Emmentaler AOP mild",
  "pdp_url": "https://sortiment.lidl.ch/de/emmentaler-aop-mild-5110798",
  "product_description": "Artikelnr.: 5110798",
  "producthierarchy_level1": "Sortiment",
  "producthierarchy_level2": "Sortiment",
  "producthierarchy_level3": "Emmentaler AOP mild",
  "producthierarchy_level4": "",
  "producthierarchy_level5": "",
  "producthierarchy_level6": "",
  "producthierarchy_level7": "",
  "currency": "Swiss franc",
  "file_name_1": "5110798_1.jpg",
  "image_url_1": "https://sortiment.lidl.ch/media/catalog/product/cache/38c728e59b3a47950872534eff8a1e63/5/1/5110798_FKBF.jpg"
},
{
  "_id": {
    "$oid": "66f3a439d23ade1eec55fb24"
  },
  "unique_id": "5111097",
  "product_name": "Poulet Délice",
  "brand": "Culinea",
  "regular_price": 9.79,
  "selling_price": 9.79,
  "price_per_unit": "pro 875g | 100g = 1.12 CHF",
  "breadcrumb": "Sortiment > Sortiment > Poulet Délice",
  "pdp_url": "https://sortiment.lidl.ch/de/poulet-delice-5111097",
  "product_description": "Artikelnr.: 5111097",
  "producthierarchy_level1": "Sortiment",
  "producthierarchy_level2": "Sortiment",
  "producthierarchy_level3": "Poulet Délice",
  "producthierarchy_level4": "",
  "producthierarchy_level5": "",
  "producthierarchy_level6": "",
  "producthierarchy_level7": "",
  "currency": "Swiss franc",
  "file_name_1": "5111097_1.jpg",
  "image_url_1": "https://sortiment.lidl.ch/media/amasty/amoptmobile/catalog/product/cache/38c728e59b3a47950872534eff8a1e63/5/1/5111097_PSXX.jpg",
  "file_name_2": "5111097_2.jpg",
  "image_url_2": "https://sortiment.lidl.ch/media/catalog/product/cache/38c728e59b3a47950872534eff8a1e63/5/1/5111097_ohneG_PSXX.jpg"
},
{
  "_id": {
    "$oid": "66f3a43ad23ade1eec55fb25"
  },
  "unique_id": "6008041",
  "product_name": "Lasagne Bolognese",
  "brand": "Chef Select",
  "regular_price": 3.59,
  "selling_price": 3.59,
  "price_per_unit": "pro 600g | 100g = 0.60 CHF",
  "breadcrumb": "Sortiment > Sortiment > Lasagne Bolognese",
  "pdp_url": "https://sortiment.lidl.ch/de/lasagne-bolognese-6008041",
  "product_description": "Artikelnr.: 6008041",
  "producthierarchy_level1": "Sortiment",
  "producthierarchy_level2": "Sortiment",
  "producthierarchy_level3": "Lasagne Bolognese",
  "producthierarchy_level4": "",
  "producthierarchy_level5": "",
  "producthierarchy_level6": "",
  "producthierarchy_level7": "",
  "currency": "Swiss franc",
  "file_name_1": "6008041_1.jpg",
  "image_url_1": "https://sortiment.lidl.ch/media/catalog/product/cache/38c728e59b3a47950872534eff8a1e63/6/0/6008041_Lasagne_PSXX.jpg"
},
{
  "_id": {
    "$oid": "66f3a43cd23ade1eec55fb26"
  },
  "unique_id": "181108",
  "product_name": "Chips Salz / Paprika",
  "brand": "Snack Day",
  "regular_price": 1.59,
  "selling_price": 1.59,
  "price_per_unit": "pro 90g | 100g = 1.77 CHF",
  "breadcrumb": "Sortiment > Sortiment > Chips Salz / Paprika",
  "pdp_url": "https://sortiment.lidl.ch/de/chips-salz-paprika-0181108",
  "product_description": "Artikelnr.: 181108",
  "producthierarchy_level1": "Sortiment",
  "producthierarchy_level2": "Sortiment",
  "producthierarchy_level3": "Chips Salz / Paprika",
  "producthierarchy_level4": "",
  "producthierarchy_level5": "",
  "producthierarchy_level6": "",
  "producthierarchy_level7": "",
  "currency": "Swiss franc",
  "file_name_1": "181108_1.jpg",
  "image_url_1": "https://sortiment.lidl.ch/media/catalog/product/cache/38c728e59b3a47950872534eff8a1e63/1/8/181108_Nature_PSXX.jpg",
  "file_name_2": "181108_2.jpg",
  "image_url_2": "https://sortiment.lidl.ch/media/catalog/product/cache/38c728e59b3a47950872534eff8a1e63/1/8/181108_Paprika_PSXX.jpg"
},
{
  "_id": {
    "$oid": "66f3a43dd23ade1eec55fb27"
  },
  "unique_id": "181104",
  "product_name": "Kartoffelchips",
  "brand": "Snack Day",
  "regular_price": 3.99,
  "selling_price": 3.99,
  "price_per_unit": "pro 280g | 100g = 1.43 CHF",
  "breadcrumb": "Sortiment > Sortiment > Kartoffelchips",
  "pdp_url": "https://sortiment.lidl.ch/de/kartoffelchips-0181104",
  "product_description": "Artikelnr.: 181104",
  "producthierarchy_level1": "Sortiment",
  "producthierarchy_level2": "Sortiment",
  "producthierarchy_level3": "Kartoffelchips",
  "producthierarchy_level4": "",
  "producthierarchy_level5": "",
  "producthierarchy_level6": "",
  "producthierarchy_level7": "",
  "currency": "Swiss franc",
  "file_name_1": "181104_1.jpg",
  "image_url_1": "https://sortiment.lidl.ch/media/catalog/product/cache/38c728e59b3a47950872534eff8a1e63/1/8/181104_Provencale_PSXX.jpg",
  "file_name_2": "181104_2.jpg",
  "image_url_2": "https://sortiment.lidl.ch/media/catalog/product/cache/38c728e59b3a47950872534eff8a1e63/1/8/181104_SaltVinegar_PSXX.jpg"
},
{
  "_id": {
    "$oid": "66f3a43fd23ade1eec55fb28"
  },
  "unique_id": "5106548",
  "product_name": "Chicken Wings",
  "brand": "Chef Select",
  "regular_price": 6.99,
  "selling_price": 6.99,
  "price_per_unit": "pro 1kg",
  "breadcrumb": "Sortiment > Sortiment > Chicken Wings",
  "pdp_url": "https://sortiment.lidl.ch/de/chicken-wings-5106548",
  "product_description": "Artikelnr.: 5106548",
  "producthierarchy_level1": "Sortiment",
  "producthierarchy_level2": "Sortiment",
  "producthierarchy_level3": "Chicken Wings",
  "producthierarchy_level4": "",
  "producthierarchy_level5": "",
  "producthierarchy_level6": "",
  "producthierarchy_level7": "",
  "currency": "Swiss franc",
  "file_name_1": "5106548_1.jpg",
  "image_url_1": "https://sortiment.lidl.ch/media/catalog/product/cache/38c728e59b3a47950872534eff8a1e63/5/1/5106548_Chefselect_ChickenWingsnature_PSXX.jpg",
  "file_name_2": "5106548_2.jpg",
  "image_url_2": "https://sortiment.lidl.ch/media/catalog/product/cache/38c728e59b3a47950872534eff8a1e63/5/1/5106548_Chefselect_ChickenWingsspicy_PSXX.jpg"
},
{
  "_id": {
    "$oid": "66f3a440d23ade1eec55fb29"
  },
  "unique_id": "5111229",
  "product_name": "Apfelsaft",
  "brand": "Solevita",
  "regular_price": 1.99,
  "selling_price": 1.99,
  "price_per_unit": "pro 4x0,33l | 1L = 1.51 CHF",
  "breadcrumb": "Sortiment > Sortiment > Apfelsaft",
  "pdp_url": "https://sortiment.lidl.ch/de/apfelsaft-5111229",
  "product_description": "Artikelnr.: 5111229",
  "producthierarchy_level1": "Sortiment",
  "producthierarchy_level2": "Sortiment",
  "producthierarchy_level3": "Apfelsaft",
  "producthierarchy_level4": "",
  "producthierarchy_level5": "",
  "producthierarchy_level6": "",
  "producthierarchy_level7": "",
  "currency": "Swiss franc",
  "file_name_1": "5111229_1.jpg",
  "image_url_1": "https://sortiment.lidl.ch/media/catalog/product/cache/38c728e59b3a47950872534eff8a1e63/5/1/5111229_PSXX.jpg"
},
{
  "_id": {
    "$oid": "66f3a441d23ade1eec55fb2a"
  },
  "unique_id": "5111225",
  "product_name": "Orangensaft",
  "brand": "Solevita",
  "regular_price": 1.95,
  "selling_price": 1.95,
  "price_per_unit": "pro 1,5l | 1L = 1.30 CHF",
  "breadcrumb": "Sortiment > Sortiment > Orangensaft",
  "pdp_url": "https://sortiment.lidl.ch/de/orangensaft-5111225",
  "product_description": "Artikelnr.: 5111225",
  "producthierarchy_level1": "Sortiment",
  "producthierarchy_level2": "Sortiment",
  "producthierarchy_level3": "Orangensaft",
  "producthierarchy_level4": "",
  "producthierarchy_level5": "",
  "producthierarchy_level6": "",
  "producthierarchy_level7": "",
  "currency": "Swiss franc",
  "file_name_1": "5111225_1.jpg",
  "image_url_1": "https://sortiment.lidl.ch/media/catalog/product/cache/38c728e59b3a47950872534eff8a1e63/5/1/5111225_PSXX.jpg"
},
{
  "_id": {
    "$oid": "66f3a443d23ade1eec55fb2b"
  },
  "unique_id": "5111329",
  "product_name": "Pouletschnitzel Sandwich",
  "brand": "Chef Select",
  "regular_price": 3.99,
  "selling_price": 3.99,
  "price_per_unit": "pro 235g | 100g = 1.70 CHF",
  "breadcrumb": "Sortiment > Sortiment > Pouletschnitzel Sandwich",
  "pdp_url": "https://sortiment.lidl.ch/de/pouletschnitzel-sandwich-5111329",
  "product_description": "Artikelnr.: 5111329",
  "producthierarchy_level1": "Sortiment",
  "producthierarchy_level2": "Sortiment",
  "producthierarchy_level3": "Pouletschnitzel Sandwich",
  "producthierarchy_level4": "",
  "producthierarchy_level5": "",
  "producthierarchy_level6": "",
  "producthierarchy_level7": "",
  "currency": "Swiss franc",
  "file_name_1": "5111329_1.jpg",
  "image_url_1": "https://sortiment.lidl.ch/media/catalog/product/cache/38c728e59b3a47950872534eff8a1e63/5/1/5111329_Cocktail_PSXX.jpg",
  "file_name_2": "5111329_2.jpg",
  "image_url_2": "https://sortiment.lidl.ch/media/catalog/product/cache/38c728e59b3a47950872534eff8a1e63/5/1/5111329_Curry_PSXX.jpg",
  "file_name_3": "5111329_3.jpg",
  "image_url_3": "https://sortiment.lidl.ch/media/catalog/product/cache/38c728e59b3a47950872534eff8a1e63/5/1/5111329_Tartare_PSXX.jpg"
},
{
  "_id": {
    "$oid": "66f3a444d23ade1eec55fb2c"
  },
  "unique_id": "5111227",
  "product_name": "Orangensaft",
  "brand": "Solevita",
  "regular_price": 2.99,
  "selling_price": 2.99,
  "price_per_unit": "pro 4x0,33l | 1L = 2.27 CHF",
  "breadcrumb": "Sortiment > Sortiment > Orangensaft",
  "pdp_url": "https://sortiment.lidl.ch/de/orangensaft-5111227",
  "product_description": "Artikelnr.: 5111227",
  "producthierarchy_level1": "Sortiment",
  "producthierarchy_level2": "Sortiment",
  "producthierarchy_level3": "Orangensaft",
  "producthierarchy_level4": "",
  "producthierarchy_level5": "",
  "producthierarchy_level6": "",
  "producthierarchy_level7": "",
  "currency": "Swiss franc",
  "file_name_1": "5111227_1.jpg",
  "image_url_1": "https://sortiment.lidl.ch/media/catalog/product/cache/38c728e59b3a47950872534eff8a1e63/5/1/5111227_PSXX.jpg"
},
{
  "_id": {
    "$oid": "66f3a445d23ade1eec55fb2d"
  },
  "unique_id": "3554",
  "product_name": "Red Bull Energy Drink Summer Edition",
  "brand": "Red Bull",
  "regular_price": 1.69,
  "selling_price": 1.69,
  "price_per_unit": "pro 0,25l | 1L = 6.76 CHF",
  "breadcrumb": "Sortiment > Sortiment > Red Bull Energy Drink Summer Edition",
  "pdp_url": "https://sortiment.lidl.ch/de/red-bull-energy-drink-summer-edition-0003554",
  "product_description": "Artikelnr.: 3554",
  "producthierarchy_level1": "Sortiment",
  "producthierarchy_level2": "Sortiment",
  "producthierarchy_level3": "Red Bull Energy Drink Summer Edition",
  "producthierarchy_level4": "",
  "producthierarchy_level5": "",
  "producthierarchy_level6": "",
  "producthierarchy_level7": "",
  "currency": "Swiss franc",
  "file_name_1": "3554_1.jpg",
  "image_url_1": "https://sortiment.lidl.ch/media/amasty/amoptmobile/catalog/product/cache/38c728e59b3a47950872534eff8a1e63/3/5/3554_Pack_Summer_PSXX.jpg"
},
{
  "_id": {
    "$oid": "66f3a446d23ade1eec55fb2e"
  },
  "unique_id": "180847",
  "product_name": "Cronut mit blauer Glasur",
  "brand": "",
  "regular_price": 0.99,
  "selling_price": 0.99,
  "price_per_unit": "pro 79g | 100g = 1.26 CHF",
  "breadcrumb": "Sortiment > Sortiment > Cronut mit blauer Glasur",
  "pdp_url": "https://sortiment.lidl.ch/de/cronut-mit-blauer-glasur-0180847",
  "product_description": "Artikelnr.: 180847 Siedegebäck aus Hefeteig, überzogen mit 26% blauer Fettglasur und bestreut mit 3,6% bunten Zuckerstreuseln, aufgetaut. Zutaten: Weizenmehl , pflanzliche Fette (Ölpalme, Palmkern, Kokosnuss), Zucker, Margarine [Palmöl, pflanzliche Öle (Sonnenblume, Soja, Raps), Wasser, Emulgator: Mono- und Diglyceride von Speisefettsäuren, Säuerungsmittel: Citronensäure, Farbstoff: Carotin], Wasser, Süssmolkenpulver , Laktose , Hefe, Stärke, Speisesalz, Invertzuckersirup, Weizengluten , Sonnenblumenöl, Emulgator: Lecithine, färbender Spirulinaextrakt, färbende Pflanzenextrakte (Rettich, schwarze Johannisbeeret, Apfel), Trehalose*, Reismehl, Mehlbehandlungsmittel: Ascorbinsäure, färbende Spirulina, natürliches Aroma, Farbstoff: Kurkumin. *Trehalose ist eine Glucosequelle. Kann Spuren von Ei, Erdnüsse, Soja,  Schalenfrüchte (Nüsse), Sellerie, Senf, Sesam und Sulfiten enthalten. Hergestellt in Spanien.",
  "producthierarchy_level1": "Sortiment",
  "producthierarchy_level2": "Sortiment",
  "producthierarchy_level3": "Cronut mit blauer Glasur",
  "producthierarchy_level4": "",
  "producthierarchy_level5": "",
  "producthierarchy_level6": "",
  "producthierarchy_level7": "",
  "currency": "Swiss franc",
  "file_name_1": "180847_1.jpg",
  "image_url_1": "https://sortiment.lidl.ch/media/catalog/product/cache/38c728e59b3a47950872534eff8a1e63/1/8/180847_FKBF.jpg"
},
{
  "_id": {
    "$oid": "66f3a447d23ade1eec55fb2f"
  },
  "unique_id": "153770",
  "product_name": "Mini Donuts Zimt & Zucker, 9er",
  "brand": "",
  "regular_price": 3.99,
  "selling_price": 3.99,
  "price_per_unit": "pro 162g | 100g = 2.47 CHF",
  "breadcrumb": "Sortiment > Sortiment > Mini Donuts Zimt & Zucker, 9er",
  "pdp_url": "https://sortiment.lidl.ch/de/mini-donuts-zimt-zucker-9er-0153770",
  "product_description": "Artikelnr.: 153770",
  "producthierarchy_level1": "Sortiment",
  "producthierarchy_level2": "Sortiment",
  "producthierarchy_level3": "Mini Donuts Zimt & Zucker, 9er",
  "producthierarchy_level4": "",
  "producthierarchy_level5": "",
  "producthierarchy_level6": "",
  "producthierarchy_level7": "",
  "currency": "Swiss franc",
  "file_name_1": "153770_1.jpg",
  "image_url_1": "https://sortiment.lidl.ch/media/catalog/product/cache/38c728e59b3a47950872534eff8a1e63/1/5/153770_FKBF.jpg",
  "file_name_2": "153770_2.jpg",
  "image_url_2": "https://sortiment.lidl.ch/media/catalog/product/cache/38c728e59b3a47950872534eff8a1e63/1/5/153770_PSXX.jpg"
},
{
  "_id": {
    "$oid": "66f3a449d23ade1eec55fb30"
  },
  "unique_id": "127493",
  "product_name": "Bio Pinienkerne",
  "brand": "Alesto",
  "regular_price": 2.99,
  "selling_price": 2.99,
  "price_per_unit": "pro 50g | 100g = 5.98 CHF",
  "breadcrumb": "Sortiment > Sortiment > Bio Pinienkerne",
  "pdp_url": "https://sortiment.lidl.ch/de/bio-pinienkerne-0127493",
  "product_description": "Artikelnr.: 127493",
  "producthierarchy_level1": "Sortiment",
  "producthierarchy_level2": "Sortiment",
  "producthierarchy_level3": "Bio Pinienkerne",
  "producthierarchy_level4": "",
  "producthierarchy_level5": "",
  "producthierarchy_level6": "",
  "producthierarchy_level7": "",
  "currency": "Swiss franc",
  "file_name_1": "127493_1.jpg",
  "image_url_1": "https://sortiment.lidl.ch/media/catalog/product/cache/38c728e59b3a47950872534eff8a1e63/1/2/127493_PSXX.jpg"
},
{
  "_id": {
    "$oid": "66f3a44ad23ade1eec55fb31"
  },
  "unique_id": "6015588",
  "product_name": "Prussiens",
  "brand": "Sondey",
  "regular_price": 2.99,
  "selling_price": 2.99,
  "price_per_unit": "pro 360g | 100g = 0.84 CHF",
  "breadcrumb": "Sortiment > Sortiment > Prussiens",
  "pdp_url": "https://sortiment.lidl.ch/de/prussiens-6015588",
  "product_description": "Artikelnr.: 6015588",
  "producthierarchy_level1": "Sortiment",
  "producthierarchy_level2": "Sortiment",
  "producthierarchy_level3": "Prussiens",
  "producthierarchy_level4": "",
  "producthierarchy_level5": "",
  "producthierarchy_level6": "",
  "producthierarchy_level7": "",
  "currency": "Swiss franc",
  "file_name_1": "6015588_1.jpg",
  "image_url_1": "https://sortiment.lidl.ch/media/catalog/product/cache/38c728e59b3a47950872534eff8a1e63/6/0/6015588_PSXX.jpg"
},
{
  "_id": {
    "$oid": "66f3a44bd23ade1eec55fb32"
  },
  "unique_id": "181707",
  "product_name": "Neo",
  "brand": "Sondey",
  "regular_price": 1.95,
  "selling_price": 1.95,
  "price_per_unit": "pro 180g | 100g = 1.09 CHF",
  "breadcrumb": "Sortiment > Sortiment > Neo",
  "pdp_url": "https://sortiment.lidl.ch/de/neo-0181707",
  "product_description": "Artikelnr.: 181707",
  "producthierarchy_level1": "Sortiment",
  "producthierarchy_level2": "Sortiment",
  "producthierarchy_level3": "Neo",
  "producthierarchy_level4": "",
  "producthierarchy_level5": "",
  "producthierarchy_level6": "",
  "producthierarchy_level7": "",
  "currency": "Swiss franc",
  "file_name_1": "181707_1.jpg",
  "image_url_1": "https://sortiment.lidl.ch/media/catalog/product/cache/38c728e59b3a47950872534eff8a1e63/1/8/181707_PSXX.jpg"
},
{
  "_id": {
    "$oid": "66f3a44cd23ade1eec55fb33"
  },
  "unique_id": "181284",
  "product_name": "Premium Amaretti 52% Mandeln",
  "brand": "Deluxe",
  "regular_price": 4.99,
  "selling_price": 4.99,
  "price_per_unit": "pro 200g | 100g = 2.50 CHF",
  "breadcrumb": "Sortiment > Sortiment > Premium Amaretti 52% Mandeln",
  "pdp_url": "https://sortiment.lidl.ch/de/premium-amaretti-52-mandeln-0181284",
  "product_description": "Artikelnr.: 181284",
  "producthierarchy_level1": "Sortiment",
  "producthierarchy_level2": "Sortiment",
  "producthierarchy_level3": "Premium Amaretti 52% Mandeln",
  "producthierarchy_level4": "",
  "producthierarchy_level5": "",
  "producthierarchy_level6": "",
  "producthierarchy_level7": "",
  "currency": "Swiss franc",
  "file_name_1": "181284_1.jpg",
  "image_url_1": "https://sortiment.lidl.ch/media/amasty/amoptmobile/catalog/product/cache/38c728e59b3a47950872534eff8a1e63/1/8/181284_PSXX.jpg"
},
{
  "_id": {
    "$oid": "66f3a44ed23ade1eec55fb34"
  },
  "unique_id": "181283",
  "product_name": "Premium Cantucci 30% Mandeln",
  "brand": "Deluxe",
  "regular_price": 4.99,
  "selling_price": 4.99,
  "price_per_unit": "pro 200g | 100g = 2.50 CHF",
  "breadcrumb": "Sortiment > Sortiment > Premium Cantucci 30% Mandeln",
  "pdp_url": "https://sortiment.lidl.ch/de/premium-cantucci-30-mandeln-0181283",
  "product_description": "Artikelnr.: 181283",
  "producthierarchy_level1": "Sortiment",
  "producthierarchy_level2": "Sortiment",
  "producthierarchy_level3": "Premium Cantucci 30% Mandeln",
  "producthierarchy_level4": "",
  "producthierarchy_level5": "",
  "producthierarchy_level6": "",
  "producthierarchy_level7": "",
  "currency": "Swiss franc",
  "file_name_1": "181283_1.jpg",
  "image_url_1": "https://sortiment.lidl.ch/media/catalog/product/cache/38c728e59b3a47950872534eff8a1e63/1/8/181283_PSXX.jpg"
},
{
  "_id": {
    "$oid": "66f3a450d23ade1eec55fb35"
  },
  "unique_id": "160652",
  "product_name": "Family Cookie Mix",
  "brand": "Sondey",
  "regular_price": 3.99,
  "selling_price": 3.99,
  "price_per_unit": "pro 255g | 100g = 1.57 CHF",
  "breadcrumb": "Sortiment > Sortiment > Family Cookie Mix",
  "pdp_url": "https://sortiment.lidl.ch/de/family-cookie-mix-0160652",
  "product_description": "Artikelnr.: 160652",
  "producthierarchy_level1": "Sortiment",
  "producthierarchy_level2": "Sortiment",
  "producthierarchy_level3": "Family Cookie Mix",
  "producthierarchy_level4": "",
  "producthierarchy_level5": "",
  "producthierarchy_level6": "",
  "producthierarchy_level7": "",
  "currency": "Swiss franc",
  "file_name_1": "160652_1.jpg",
  "image_url_1": "https://sortiment.lidl.ch/media/catalog/product/cache/38c728e59b3a47950872534eff8a1e63/1/6/160652_PSXX.jpg"
},
{
  "_id": {
    "$oid": "66f3a451d23ade1eec55fb36"
  },
  "unique_id": "149145",
  "product_name": "Udon Nudeln",
  "brand": "Combino",
  "regular_price": 1.79,
  "selling_price": 0.99,
  "price_per_unit": "pro 300g | 100g = 0.33 CHF",
  "breadcrumb": "Sortiment > Sortiment > Udon Nudeln",
  "pdp_url": "https://sortiment.lidl.ch/de/udon-nudeln-0149145",
  "product_description": "Artikelnr.: 149145",
  "producthierarchy_level1": "Sortiment",
  "producthierarchy_level2": "Sortiment",
  "producthierarchy_level3": "Udon Nudeln",
  "producthierarchy_level4": "",
  "producthierarchy_level5": "",
  "producthierarchy_level6": "",
  "producthierarchy_level7": "",
  "currency": "Swiss franc",
  "file_name_1": "149145_1.jpg",
  "image_url_1": "https://sortiment.lidl.ch/media/catalog/product/cache/38c728e59b3a47950872534eff8a1e63/1/4/149145_PSXX.jpg",
  "file_name_2": "149145_2.jpg",
  "image_url_2": "https://sortiment.lidl.ch/media/catalog/product/cache/38c728e59b3a47950872534eff8a1e63/1/4/149145_Vitasia_PSXX.jpg"
},
{
  "_id": {
    "$oid": "66f3a453d23ade1eec55fb37"
  },
  "unique_id": "5907602",
  "product_name": "Pastéis de Nata",
  "brand": "",
  "regular_price": 4.99,
  "selling_price": 4.99,
  "price_per_unit": "pro 360g | 100g = 1.39 CHF",
  "breadcrumb": "Sortiment > Sortiment > Pastéis de Nata",
  "pdp_url": "https://sortiment.lidl.ch/de/pasteis-de-nata-5907602",
  "product_description": "Artikelnr.: 5907602",
  "producthierarchy_level1": "Sortiment",
  "producthierarchy_level2": "Sortiment",
  "producthierarchy_level3": "Pastéis de Nata",
  "producthierarchy_level4": "",
  "producthierarchy_level5": "",
  "producthierarchy_level6": "",
  "producthierarchy_level7": "",
  "currency": "Swiss franc",
  "file_name_1": "5907602_1.jpg",
  "image_url_1": "https://sortiment.lidl.ch/media/catalog/product/cache/38c728e59b3a47950872534eff8a1e63/5/9/5907602_PSXX.jpg"
},
{
  "_id": {
    "$oid": "66f3a454d23ade1eec55fb38"
  },
  "unique_id": "154368",
  "product_name": "Nussmischung geröstet&gesalzen",
  "brand": "Alesto",
  "regular_price": 3.55,
  "selling_price": 3.55,
  "price_per_unit": "pro 200g | 100g = 1.78 CHF",
  "breadcrumb": "Sortiment > Sortiment > Nussmischung geröstet&gesalzen",
  "pdp_url": "https://sortiment.lidl.ch/de/nussmischung-geroestet-gesalzen-0154368",
  "product_description": "Artikelnr.: 154368",
  "producthierarchy_level1": "Sortiment",
  "producthierarchy_level2": "Sortiment",
  "producthierarchy_level3": "Nussmischung geröstet&gesalzen",
  "producthierarchy_level4": "",
  "producthierarchy_level5": "",
  "producthierarchy_level6": "",
  "producthierarchy_level7": "",
  "currency": "Swiss franc",
  "file_name_1": "154368_1.jpg",
  "image_url_1": "https://sortiment.lidl.ch/media/catalog/product/cache/38c728e59b3a47950872534eff8a1e63/1/5/154368_PSXX.jpg"
},
{
  "_id": {
    "$oid": "66f3a456d23ade1eec55fb39"
  },
  "unique_id": "3117",
  "product_name": "Red Bull Energy Drink",
  "brand": "Red Bull",
  "regular_price": 1.49,
  "selling_price": 1.49,
  "price_per_unit": "pro 0,25l | 1L = 5.96 CHF",
  "breadcrumb": "Sortiment > Sortiment > Red Bull Energy Drink",
  "pdp_url": "https://sortiment.lidl.ch/de/red-bull-energy-drink-0003117",
  "product_description": "Artikelnr.: 3117",
  "producthierarchy_level1": "Sortiment",
  "producthierarchy_level2": "Sortiment",
  "producthierarchy_level3": "Red Bull Energy Drink",
  "producthierarchy_level4": "",
  "producthierarchy_level5": "",
  "producthierarchy_level6": "",
  "producthierarchy_level7": "",
  "currency": "Swiss franc",
  "file_name_1": "3117_1.jpg",
  "image_url_1": "https://sortiment.lidl.ch/media/catalog/product/cache/38c728e59b3a47950872534eff8a1e63/3/1/3117_Pack_PSXX.jpg",
  "file_name_2": "3117_2.jpg",
  "image_url_2": "https://sortiment.lidl.ch/media/catalog/product/cache/38c728e59b3a47950872534eff8a1e63/3/1/3117_Sugarfree_Einzeln_PSXX.jpg"
},
{
  "_id": {
    "$oid": "66f3a458d23ade1eec55fb3a"
  },
  "unique_id": "5109477",
  "product_name": "Bilz Panaché alkoholfrei",
  "brand": "Bilz",
  "regular_price": 14.49,
  "selling_price": 14.49,
  "price_per_unit": "pro 10x0,33l | 1L = 4.40 CHF",
  "breadcrumb": "Sortiment > Sortiment > Bilz Panaché alkoholfrei",
  "pdp_url": "https://sortiment.lidl.ch/de/bilz-panache-alkoholfrei-5109477",
  "product_description": "Artikelnr.: 5109477",
  "producthierarchy_level1": "Sortiment",
  "producthierarchy_level2": "Sortiment",
  "producthierarchy_level3": "Bilz Panaché alkoholfrei",
  "producthierarchy_level4": "",
  "producthierarchy_level5": "",
  "producthierarchy_level6": "",
  "producthierarchy_level7": "",
  "currency": "Swiss franc",
  "file_name_1": "5109477_1.jpg",
  "image_url_1": "https://sortiment.lidl.ch/media/catalog/product/cache/38c728e59b3a47950872534eff8a1e63/5/1/5109477_EF_PSXX.jpg",
  "file_name_2": "5109477_2.jpg",
  "image_url_2": "https://sortiment.lidl.ch/media/catalog/product/cache/38c728e59b3a47950872534eff8a1e63/5/1/5109477_PSXX.jpg"
},
{
  "_id": {
    "$oid": "66f3a459d23ade1eec55fb3b"
  },
  "unique_id": "166211",
  "product_name": "Antipasti",
  "brand": "Chef Select",
  "regular_price": 2.39,
  "selling_price": 2.39,
  "price_per_unit": "pro 150g | 100g = 1.60 CHF",
  "breadcrumb": "Sortiment > Sortiment > Antipasti",
  "pdp_url": "https://sortiment.lidl.ch/de/antipasti-0166211",
  "product_description": "Artikelnr.: 166211",
  "producthierarchy_level1": "Sortiment",
  "producthierarchy_level2": "Sortiment",
  "producthierarchy_level3": "Antipasti",
  "producthierarchy_level4": "",
  "producthierarchy_level5": "",
  "producthierarchy_level6": "",
  "producthierarchy_level7": "",
  "currency": "Swiss franc",
  "file_name_1": "166211_1.jpg",
  "image_url_1": "https://sortiment.lidl.ch/media/catalog/product/cache/38c728e59b3a47950872534eff8a1e63/1/6/166211_GegrillteArtischocken_PSXX.jpg",
  "file_name_2": "166211_2.jpg",
  "image_url_2": "https://sortiment.lidl.ch/media/catalog/product/cache/38c728e59b3a47950872534eff8a1e63/1/6/166211_GegrilltePeperoni_PSXX.jpg",
  "file_name_3": "166211_3.jpg",
  "image_url_3": "https://sortiment.lidl.ch/media/catalog/product/cache/38c728e59b3a47950872534eff8a1e63/1/6/166211_GruenePeperoniGefuellt_PSXX.jpg",
  "file_name_4": "166211_4.jpg",
  "image_url_4": "https://sortiment.lidl.ch/media/catalog/product/cache/38c728e59b3a47950872534eff8a1e63/1/6/166211_KirschtomatenMozzarella_PSXX.jpg"
},
{
  "_id": {
    "$oid": "66f3a45bd23ade1eec55fb3c"
  },
  "unique_id": "5109473",
  "product_name": "Feldschlösschen Bier Alkoholfrei Zitrone",
  "brand": "Feldschlösschen",
  "regular_price": 11.95,
  "selling_price": 11.95,
  "price_per_unit": "pro 6x0,5l | 1L = 3.99 CHF",
  "breadcrumb": "Sortiment > Sortiment > Feldschlösschen Bier Alkoholfrei Zitrone",
  "pdp_url": "https://sortiment.lidl.ch/de/feldschloesschen-bier-alkoholfrei-zitrone-5109473",
  "product_description": "Artikelnr.: 5109473",
  "producthierarchy_level1": "Sortiment",
  "producthierarchy_level2": "Sortiment",
  "producthierarchy_level3": "Feldschlösschen Bier Alkoholfrei Zitrone",
  "producthierarchy_level4": "",
  "producthierarchy_level5": "",
  "producthierarchy_level6": "",
  "producthierarchy_level7": "",
  "currency": "Swiss franc",
  "file_name_1": "5109473_1.jpg",
  "image_url_1": "https://sortiment.lidl.ch/media/catalog/product/cache/38c728e59b3a47950872534eff8a1e63/5/1/5109473_EF_PSXX.jpg",
  "file_name_2": "5109473_2.jpg",
  "image_url_2": "https://sortiment.lidl.ch/media/catalog/product/cache/38c728e59b3a47950872534eff8a1e63/5/1/5109473_PSXX.jpg"
},
{
  "_id": {
    "$oid": "66f3a45cd23ade1eec55fb3d"
  },
  "unique_id": "178121",
  "product_name": "Alu-Kaffeekapseln Viola Espresso",
  "brand": "Bellarom",
  "regular_price": 3.95,
  "selling_price": 3.95,
  "price_per_unit": "pro 110g | 100g = 19.75, 3.60 CHF",
  "breadcrumb": "Sortiment > Sortiment > Alu-Kaffeekapseln Viola Espresso",
  "pdp_url": "https://sortiment.lidl.ch/de/alu-kaffeekapseln-viola-espresso-0178121",
  "product_description": "Artikelnr.: 178121",
  "producthierarchy_level1": "Sortiment",
  "producthierarchy_level2": "Sortiment",
  "producthierarchy_level3": "Alu-Kaffeekapseln Viola Espresso",
  "producthierarchy_level4": "",
  "producthierarchy_level5": "",
  "producthierarchy_level6": "",
  "producthierarchy_level7": "",
  "currency": "Swiss franc",
  "file_name_1": "178121_1.jpg",
  "image_url_1": "https://sortiment.lidl.ch/media/catalog/product/cache/38c728e59b3a47950872534eff8a1e63/1/7/178121_PSXX.jpg"
},
{
  "_id": {
    "$oid": "66f3a45dd23ade1eec55fb3e"
  },
  "unique_id": "5111297",
  "product_name": "Thomy Senf mild",
  "brand": "Thomy",
  "regular_price": 2.95,
  "selling_price": 2.95,
  "price_per_unit": "pro 300g | 100g = 0.99 CHF",
  "breadcrumb": "Sortiment > Sortiment > Thomy Senf mild",
  "pdp_url": "https://sortiment.lidl.ch/de/thomy-senf-mild-5111297",
  "product_description": "Artikelnr.: 5111297",
  "producthierarchy_level1": "Sortiment",
  "producthierarchy_level2": "Sortiment",
  "producthierarchy_level3": "Thomy Senf mild",
  "producthierarchy_level4": "",
  "producthierarchy_level5": "",
  "producthierarchy_level6": "",
  "producthierarchy_level7": "",
  "currency": "Swiss franc",
  "file_name_1": "5111297_1.jpg",
  "image_url_1": "https://sortiment.lidl.ch/media/catalog/product/cache/38c728e59b3a47950872534eff8a1e63/5/1/5111297_PSXX.jpg"
},
{
  "_id": {
    "$oid": "66f3a45ed23ade1eec55fb3f"
  },
  "unique_id": "142216",
  "product_name": "Tiramisu / Profiteroles",
  "brand": "Deluxe",
  "regular_price": 3.99,
  "selling_price": 3.99,
  "price_per_unit": "pro 450g, 500g | 100g = 0.89 CHF",
  "breadcrumb": "Sortiment > Sortiment > Tiramisu / Profiteroles",
  "pdp_url": "https://sortiment.lidl.ch/de/tiramisu-profiteroles-0142216",
  "product_description": "Artikelnr.: 142216",
  "producthierarchy_level1": "Sortiment",
  "producthierarchy_level2": "Sortiment",
  "producthierarchy_level3": "Tiramisu / Profiteroles",
  "producthierarchy_level4": "",
  "producthierarchy_level5": "",
  "producthierarchy_level6": "",
  "producthierarchy_level7": "",
  "currency": "Swiss franc",
  "file_name_1": "142216_1.jpg",
  "image_url_1": "https://sortiment.lidl.ch/media/catalog/product/cache/38c728e59b3a47950872534eff8a1e63/1/4/142216_Profitelores_PSXX.jpg",
  "file_name_2": "142216_2.jpg",
  "image_url_2": "https://sortiment.lidl.ch/media/catalog/product/cache/38c728e59b3a47950872534eff8a1e63/1/4/142216_Tiramisu_PSXX.jpg"
},
{
  "_id": {
    "$oid": "66f3a45fd23ade1eec55fb40"
  },
  "unique_id": "5111019",
  "product_name": "IPS Zuckersticks",
  "brand": "",
  "regular_price": 2.89,
  "selling_price": 2.89,
  "price_per_unit": "pro 500g | 100g = 0.58 CHF",
  "breadcrumb": "Sortiment > Sortiment > IPS Zuckersticks",
  "pdp_url": "https://sortiment.lidl.ch/de/ips-zuckersticks-5111019",
  "product_description": "Artikelnr.: 5111019",
  "producthierarchy_level1": "Sortiment",
  "producthierarchy_level2": "Sortiment",
  "producthierarchy_level3": "IPS Zuckersticks",
  "producthierarchy_level4": "",
  "producthierarchy_level5": "",
  "producthierarchy_level6": "",
  "producthierarchy_level7": "",
  "currency": "Swiss franc",
  "file_name_1": "5111019_1.jpg",
  "image_url_1": "https://sortiment.lidl.ch/media/catalog/product/cache/38c728e59b3a47950872534eff8a1e63/5/1/5111019_PSXX.jpg"
},
{
  "_id": {
    "$oid": "66f3a460d23ade1eec55fb41"
  },
  "unique_id": "12564",
  "product_name": "Creamy Yogurt",
  "brand": "Milbona",
  "regular_price": 0.99,
  "selling_price": 0.99,
  "price_per_unit": "pro 150g | 100g = 0.66 CHF",
  "breadcrumb": "Sortiment > Sortiment > Creamy Yogurt",
  "pdp_url": "https://sortiment.lidl.ch/de/creamy-yogurt-0012564",
  "product_description": "Artikelnr.: 12564",
  "producthierarchy_level1": "Sortiment",
  "producthierarchy_level2": "Sortiment",
  "producthierarchy_level3": "Creamy Yogurt",
  "producthierarchy_level4": "",
  "producthierarchy_level5": "",
  "producthierarchy_level6": "",
  "producthierarchy_level7": "",
  "currency": "Swiss franc",
  "file_name_1": "12564_1.jpg",
  "image_url_1": "https://sortiment.lidl.ch/media/catalog/product/cache/38c728e59b3a47950872534eff8a1e63/1/2/12564_Erdbeere_PSXX.jpg",
  "file_name_2": "12564_2.jpg",
  "image_url_2": "https://sortiment.lidl.ch/media/catalog/product/cache/38c728e59b3a47950872534eff8a1e63/1/2/12564_Himbeere_PSXX.jpg",
  "file_name_3": "12564_3.jpg",
  "image_url_3": "https://sortiment.lidl.ch/media/catalog/product/cache/38c728e59b3a47950872534eff8a1e63/1/2/12564_Passion_PSXX.jpg"
},
{
  "_id": {
    "$oid": "66f3a462d23ade1eec55fb42"
  },
  "unique_id": "5110680",
  "product_name": "Broccoli/ Blumenkohl",
  "brand": "Freshona",
  "regular_price": 3.39,
  "selling_price": 3.39,
  "price_per_unit": "pro 750g | 100g = 0.46 CHF",
  "breadcrumb": "Sortiment > Sortiment > Broccoli/ Blumenkohl",
  "pdp_url": "https://sortiment.lidl.ch/de/broccoli-blumenkohl-5110680",
  "product_description": "Artikelnr.: 5110680",
  "producthierarchy_level1": "Sortiment",
  "producthierarchy_level2": "Sortiment",
  "producthierarchy_level3": "Broccoli/ Blumenkohl",
  "producthierarchy_level4": "",
  "producthierarchy_level5": "",
  "producthierarchy_level6": "",
  "producthierarchy_level7": "",
  "currency": "Swiss franc",
  "file_name_1": "5110680_1.jpg",
  "image_url_1": "https://sortiment.lidl.ch/media/catalog/product/cache/38c728e59b3a47950872534eff8a1e63/5/1/5110680_Blumenkohl_PSXX.jpg",
  "file_name_2": "5110680_2.jpg",
  "image_url_2": "https://sortiment.lidl.ch/media/catalog/product/cache/38c728e59b3a47950872534eff8a1e63/5/1/5110680_Broccoli_PSXX.jpg"
},
{
  "_id": {
    "$oid": "66f3a464d23ade1eec55fb43"
  },
  "unique_id": "5111337",
  "product_name": "Kambly Petit Beurre Lait /Chocolait",
  "brand": "Kambly",
  "regular_price": 3.95,
  "selling_price": 3.95,
  "price_per_unit": "pro 100g, 125g | 100g = 3.95, 3.16 CHF",
  "breadcrumb": "Sortiment > Sortiment > Kambly Petit Beurre Lait /Chocolait",
  "pdp_url": "https://sortiment.lidl.ch/de/kambly-petit-beurre-lait-chocolait-5111337",
  "product_description": "Artikelnr.: 5111337",
  "producthierarchy_level1": "Sortiment",
  "producthierarchy_level2": "Sortiment",
  "producthierarchy_level3": "Kambly Petit Beurre Lait /Chocolait",
  "producthierarchy_level4": "",
  "producthierarchy_level5": "",
  "producthierarchy_level6": "",
  "producthierarchy_level7": "",
  "currency": "Swiss franc",
  "file_name_1": "5111337_1.jpg",
  "image_url_1": "https://sortiment.lidl.ch/media/catalog/product/cache/38c728e59b3a47950872534eff8a1e63/5/1/5111337_Chocolai_PSXX.jpg",
  "file_name_2": "5111337_2.jpg",
  "image_url_2": "https://sortiment.lidl.ch/media/catalog/product/cache/38c728e59b3a47950872534eff8a1e63/5/1/5111337_Lait_PSXX.jpg"
},
{
  "_id": {
    "$oid": "66f3a465d23ade1eec55fb44"
  },
  "unique_id": "5107012",
  "product_name": "Thomy Mayonnaise Senf",
  "brand": "Thomy",
  "regular_price": 3.85,
  "selling_price": 3.85,
  "price_per_unit": "pro 265g | 100g = 1.46 CHF",
  "breadcrumb": "Sortiment > Sortiment > Thomy Mayonnaise Senf",
  "pdp_url": "https://sortiment.lidl.ch/de/thomy-mayonnaise-senf-5107012",
  "product_description": "Artikelnr.: 5107012",
  "producthierarchy_level1": "Sortiment",
  "producthierarchy_level2": "Sortiment",
  "producthierarchy_level3": "Thomy Mayonnaise Senf",
  "producthierarchy_level4": "",
  "producthierarchy_level5": "",
  "producthierarchy_level6": "",
  "producthierarchy_level7": "",
  "currency": "Swiss franc",
  "file_name_1": "5107012_1.jpg",
  "image_url_1": "https://sortiment.lidl.ch/media/catalog/product/cache/38c728e59b3a47950872534eff8a1e63/5/1/5107012_PSXX.jpg"
},
{
  "_id": {
    "$oid": "66f3a466d23ade1eec55fb45"
  },
  "unique_id": "5107011",
  "product_name": "Thomy Mayonnaise Thunfisch",
  "brand": "Thomy",
  "regular_price": 3.85,
  "selling_price": 3.85,
  "price_per_unit": "pro 170g | 100g = 2.27 CHF",
  "breadcrumb": "Sortiment > Sortiment > Thomy Mayonnaise Thunfisch",
  "pdp_url": "https://sortiment.lidl.ch/de/thomy-mayonnaise-thunfisch-5107011",
  "product_description": "Artikelnr.: 5107011",
  "producthierarchy_level1": "Sortiment",
  "producthierarchy_level2": "Sortiment",
  "producthierarchy_level3": "Thomy Mayonnaise Thunfisch",
  "producthierarchy_level4": "",
  "producthierarchy_level5": "",
  "producthierarchy_level6": "",
  "producthierarchy_level7": "",
  "currency": "Swiss franc",
  "file_name_1": "5107011_1.jpg",
  "image_url_1": "https://sortiment.lidl.ch/media/catalog/product/cache/38c728e59b3a47950872534eff8a1e63/5/1/5107011_PSXX.jpg"
},
{
  "_id": {
    "$oid": "66f3a468d23ade1eec55fb46"
  },
  "unique_id": "179288",
  "product_name": "Bio Schoko Haferdrink",
  "brand": "Vemondo",
  "regular_price": 1.75,
  "selling_price": 1.75,
  "price_per_unit": "pro 1000ml",
  "breadcrumb": "Sortiment > Sortiment > Bio Schoko Haferdrink",
  "pdp_url": "https://sortiment.lidl.ch/de/bio-schoko-haferdrink-0179288",
  "product_description": "Artikelnr.: 179288",
  "producthierarchy_level1": "Sortiment",
  "producthierarchy_level2": "Sortiment",
  "producthierarchy_level3": "Bio Schoko Haferdrink",
  "producthierarchy_level4": "",
  "producthierarchy_level5": "",
  "producthierarchy_level6": "",
  "producthierarchy_level7": "",
  "currency": "Swiss franc",
  "file_name_1": "179288_1.jpg",
  "image_url_1": "https://sortiment.lidl.ch/media/catalog/product/cache/38c728e59b3a47950872534eff8a1e63/1/7/179288_PSXX.jpg"
},
{
  "_id": {
    "$oid": "66f3a469d23ade1eec55fb47"
  },
  "unique_id": "5111334",
  "product_name": "Kambly Bretzeli",
  "brand": "Kambly",
  "regular_price": 3.55,
  "selling_price": 3.55,
  "price_per_unit": "pro 115g | 100g = 3.09 CHF",
  "breadcrumb": "Sortiment > Sortiment > Kambly Bretzeli",
  "pdp_url": "https://sortiment.lidl.ch/de/kambly-bretzeli-5111334",
  "product_description": "Artikelnr.: 5111334",
  "producthierarchy_level1": "Sortiment",
  "producthierarchy_level2": "Sortiment",
  "producthierarchy_level3": "Kambly Bretzeli",
  "producthierarchy_level4": "",
  "producthierarchy_level5": "",
  "producthierarchy_level6": "",
  "producthierarchy_level7": "",
  "currency": "Swiss franc",
  "file_name_1": "5111334_1.jpg",
  "image_url_1": "https://sortiment.lidl.ch/media/amasty/amoptmobile/catalog/product/cache/38c728e59b3a47950872534eff8a1e63/5/1/5111334_Original_PSXX.jpg"
},
{
  "_id": {
    "$oid": "66f3a46ad23ade1eec55fb48"
  },
  "unique_id": "171778",
  "product_name": "Instant Noodles",
  "brand": "Kania",
  "regular_price": 0.69,
  "selling_price": 0.69,
  "price_per_unit": "pro 85g | 100g = 0.82 CHF",
  "breadcrumb": "Sortiment > Sortiment > Instant Noodles",
  "pdp_url": "https://sortiment.lidl.ch/de/instant-noodles-0171778",
  "product_description": "Artikelnr.: 171778",
  "producthierarchy_level1": "Sortiment",
  "producthierarchy_level2": "Sortiment",
  "producthierarchy_level3": "Instant Noodles",
  "producthierarchy_level4": "",
  "producthierarchy_level5": "",
  "producthierarchy_level6": "",
  "producthierarchy_level7": "",
  "currency": "Swiss franc",
  "file_name_1": "171778_1.jpg",
  "image_url_1": "https://sortiment.lidl.ch/media/catalog/product/cache/38c728e59b3a47950872534eff8a1e63/1/7/171778_Beef_PSXX.jpg",
  "file_name_2": "171778_2.jpg",
  "image_url_2": "https://sortiment.lidl.ch/media/catalog/product/cache/38c728e59b3a47950872534eff8a1e63/1/7/171778_Chicken_PSXX.jpg",
  "file_name_3": "171778_3.jpg",
  "image_url_3": "https://sortiment.lidl.ch/media/catalog/product/cache/38c728e59b3a47950872534eff8a1e63/1/7/171778_Shrimp_PSXX.jpg",
  "file_name_4": "171778_4.jpg",
  "image_url_4": "https://sortiment.lidl.ch/media/catalog/product/cache/38c728e59b3a47950872534eff8a1e63/1/7/171778_Vegetable_PSXX.jpg"
},
{
  "_id": {
    "$oid": "66f3a46bd23ade1eec55fb49"
  },
  "unique_id": "187189",
  "product_name": "Choco Shells / Choco Rice",
  "brand": "Crownfield",
  "regular_price": 2.99,
  "selling_price": 2.99,
  "price_per_unit": "pro 500g | 100g = 0.60 CHF",
  "breadcrumb": "Sortiment > Sortiment > Choco Shells / Choco Rice",
  "pdp_url": "https://sortiment.lidl.ch/de/choco-shells-choco-rice-0187189",
  "product_description": "Artikelnr.: 187189",
  "producthierarchy_level1": "Sortiment",
  "producthierarchy_level2": "Sortiment",
  "producthierarchy_level3": "Choco Shells / Choco Rice",
  "producthierarchy_level4": "",
  "producthierarchy_level5": "",
  "producthierarchy_level6": "",
  "producthierarchy_level7": "",
  "currency": "Swiss franc",
  "file_name_1": "187189_1.jpg",
  "image_url_1": "https://sortiment.lidl.ch/media/catalog/product/cache/38c728e59b3a47950872534eff8a1e63/1/8/187189_PSXX.jpg"
},
{
  "_id": {
    "$oid": "66f3a46cd23ade1eec55fb4a"
  },
  "unique_id": "5110750",
  "product_name": "Halbrahm 25% laktosefrei",
  "brand": "Milbona",
  "regular_price": 2.49,
  "selling_price": 2.49,
  "price_per_unit": "pro 250ml | 1L = 9.96 CHF",
  "breadcrumb": "Sortiment > Sortiment > Halbrahm 25% laktosefrei",
  "pdp_url": "https://sortiment.lidl.ch/de/halbrahm-25-laktosefrei-5110750",
  "product_description": "Artikelnr.: 5110750",
  "producthierarchy_level1": "Sortiment",
  "producthierarchy_level2": "Sortiment",
  "producthierarchy_level3": "Halbrahm 25% laktosefrei",
  "producthierarchy_level4": "",
  "producthierarchy_level5": "",
  "producthierarchy_level6": "",
  "producthierarchy_level7": "",
  "currency": "Swiss franc",
  "file_name_1": "5110750_1.jpg",
  "image_url_1": "https://sortiment.lidl.ch/media/catalog/product/cache/38c728e59b3a47950872534eff8a1e63/5/1/5110750_PSXX.jpg"
},
{
  "_id": {
    "$oid": "66f3a46dd23ade1eec55fb4b"
  },
  "unique_id": "5110779",
  "product_name": "Emmentaler AOP surchoix",
  "brand": "Fromani",
  "regular_price": 4.99,
  "selling_price": 4.99,
  "price_per_unit": "pro 250g | 100g = 2.00 CHF",
  "breadcrumb": "Sortiment > Sortiment > Emmentaler AOP surchoix",
  "pdp_url": "https://sortiment.lidl.ch/de/emmentaler-aop-surchoix-5110779",
  "product_description": "Artikelnr.: 5110779",
  "producthierarchy_level1": "Sortiment",
  "producthierarchy_level2": "Sortiment",
  "producthierarchy_level3": "Emmentaler AOP surchoix",
  "producthierarchy_level4": "",
  "producthierarchy_level5": "",
  "producthierarchy_level6": "",
  "producthierarchy_level7": "",
  "currency": "Swiss franc",
  "file_name_1": "5110779_1.jpg",
  "image_url_1": "https://sortiment.lidl.ch/media/catalog/product/cache/38c728e59b3a47950872534eff8a1e63/5/1/5110779_FKBF.jpg",
  "file_name_2": "5110779_2.jpg",
  "image_url_2": "https://sortiment.lidl.ch/media/catalog/product/cache/38c728e59b3a47950872534eff8a1e63/5/1/5110779_PSXX.jpg"
},
{
  "_id": {
    "$oid": "66f3a46ed23ade1eec55fb4c"
  },
  "unique_id": "176789",
  "product_name": "High Protein Brötli mit Skyr",
  "brand": "",
  "regular_price": 0.89,
  "selling_price": 0.89,
  "price_per_unit": "pro 80g | 100g = 1.12 CHF",
  "breadcrumb": "Sortiment > Sortiment > High Protein Brötli mit Skyr",
  "pdp_url": "https://sortiment.lidl.ch/de/high-protein-broetli-mit-skyr-0176789",
  "product_description": "Artikelnr.: 176789 Proteinreiches Brötchen. Zutaten: Wasser, 14,5% Weizengluten , 14% Leinsamen, 9% Sojamehl , Weizenmehl , 5,5% Sonnenblumenkerne, 5,5% Frischkäse ( Magermilch , Käsereikulturen, mikrobielles Lab), 3,5% Sojaschrot , Hefe, Weizengriesskleie , Haferflocken , 1,5% Sesam , Haferfaser , Speisesalz, getrockneter Roggensauerteig ( Roggenmahlerzeugnisse , Starterkulturen), Emulgator: Lecithine*, Rapsöl, Weizenröstmalzmehl , Kurkuma, Acerolakirschpulver. *auf pflanzlicher Basis. Kann Spuren von Ei, Erdnüsse, Schalenfrüchte (Nüsse), Sellerie, Senf und Sulfiten enthalten. Nährwerte Ø/100 g: Energie: 1169 kJ/ 280 kcal, Fett: 13,0 g, davon gesättigte Fettsäuren: 1,7 g, Kohlenhydrate: 12,0 g, davon Zucker: 2,2 g, Eiweiss: 24,0 g, Salz: 0,98 g. Hergestellt in Deutschland.",
  "producthierarchy_level1": "Sortiment",
  "producthierarchy_level2": "Sortiment",
  "producthierarchy_level3": "High Protein Brötli mit Skyr",
  "producthierarchy_level4": "",
  "producthierarchy_level5": "",
  "producthierarchy_level6": "",
  "producthierarchy_level7": "",
  "currency": "Swiss franc",
  "file_name_1": "176789_1.jpg",
  "image_url_1": "https://sortiment.lidl.ch/media/catalog/product/cache/38c728e59b3a47950872534eff8a1e63/1/7/176789_FKBF.jpg"
},
{
  "_id": {
    "$oid": "66f3a46fd23ade1eec55fb4d"
  },
  "unique_id": "186237",
  "product_name": "Ferrero Tafelschokolade",
  "brand": "Ferrero",
  "regular_price": 2.69,
  "selling_price": 2.69,
  "price_per_unit": "pro 90g | 100g = 2.99 CHF",
  "breadcrumb": "Sortiment > Sortiment > Ferrero Tafelschokolade",
  "pdp_url": "https://sortiment.lidl.ch/de/ferrero-tafelschokolade-0186237",
  "product_description": "Artikelnr.: 186237",
  "producthierarchy_level1": "Sortiment",
  "producthierarchy_level2": "Sortiment",
  "producthierarchy_level3": "Ferrero Tafelschokolade",
  "producthierarchy_level4": "",
  "producthierarchy_level5": "",
  "producthierarchy_level6": "",
  "producthierarchy_level7": "",
  "currency": "Swiss franc",
  "file_name_1": "186237_1.jpg",
  "image_url_1": "https://sortiment.lidl.ch/media/catalog/product/cache/38c728e59b3a47950872534eff8a1e63/1/8/186237_Original_PSXX.jpg",
  "file_name_2": "186237_2.jpg",
  "image_url_2": "https://sortiment.lidl.ch/media/catalog/product/cache/38c728e59b3a47950872534eff8a1e63/1/8/186237_Zartbitter_PSXX.jpg"
},
{
  "_id": {
    "$oid": "66f3a470d23ade1eec55fb4e"
  },
  "unique_id": "5111291",
  "product_name": "Wander Ovomaltine Crunchy Cream",
  "brand": "Wander",
  "regular_price": 4.89,
  "selling_price": 4.89,
  "price_per_unit": "pro 400g | 100g = 1.23 CHF",
  "breadcrumb": "Sortiment > Sortiment > Wander Ovomaltine Crunchy Cream",
  "pdp_url": "https://sortiment.lidl.ch/de/wander-ovomaltine-crunchy-cream-5111291",
  "product_description": "Artikelnr.: 5111291",
  "producthierarchy_level1": "Sortiment",
  "producthierarchy_level2": "Sortiment",
  "producthierarchy_level3": "Wander Ovomaltine Crunchy Cream",
  "producthierarchy_level4": "",
  "producthierarchy_level5": "",
  "producthierarchy_level6": "",
  "producthierarchy_level7": "",
  "currency": "Swiss franc",
  "file_name_1": "5111291_1.jpg",
  "image_url_1": "https://sortiment.lidl.ch/media/catalog/product/cache/38c728e59b3a47950872534eff8a1e63/5/1/5111291_PSXX.jpg"
},
{
  "_id": {
    "$oid": "66f3a472d23ade1eec55fb4f"
  },
  "unique_id": "6001877",
  "product_name": "Orecchiette / Trofie",
  "brand": "Italiamo",
  "regular_price": 1.79,
  "selling_price": 1.79,
  "price_per_unit": "pro 500g | 100g = 0.36 CHF",
  "breadcrumb": "Sortiment > Sortiment > Orecchiette / Trofie",
  "pdp_url": "https://sortiment.lidl.ch/de/orecchiette-trofie-6001877",
  "product_description": "Artikelnr.: 6001877",
  "producthierarchy_level1": "Sortiment",
  "producthierarchy_level2": "Sortiment",
  "producthierarchy_level3": "Orecchiette / Trofie",
  "producthierarchy_level4": "",
  "producthierarchy_level5": "",
  "producthierarchy_level6": "",
  "producthierarchy_level7": "",
  "currency": "Swiss franc",
  "file_name_1": "6001877_1.jpg",
  "image_url_1": "https://sortiment.lidl.ch/media/catalog/product/cache/38c728e59b3a47950872534eff8a1e63/6/0/6001877_Orecchiette_PSXX.jpg",
  "file_name_2": "6001877_2.jpg",
  "image_url_2": "https://sortiment.lidl.ch/media/catalog/product/cache/38c728e59b3a47950872534eff8a1e63/6/0/6001877_Trofie_PSXX.jpg"
},
{
  "_id": {
    "$oid": "66f3a473d23ade1eec55fb50"
  },
  "unique_id": "5111290",
  "product_name": "Wander Ovomaltine Crisp Müesli",
  "brand": "Wander",
  "regular_price": 6.59,
  "selling_price": 6.59,
  "price_per_unit": "pro 500g | 100g = 1.32 CHF",
  "breadcrumb": "Sortiment > Sortiment > Wander Ovomaltine Crisp Müesli",
  "pdp_url": "https://sortiment.lidl.ch/de/wander-ovomaltine-crisp-mueesli-5111290",
  "product_description": "Artikelnr.: 5111290",
  "producthierarchy_level1": "Sortiment",
  "producthierarchy_level2": "Sortiment",
  "producthierarchy_level3": "Wander Ovomaltine Crisp Müesli",
  "producthierarchy_level4": "",
  "producthierarchy_level5": "",
  "producthierarchy_level6": "",
  "producthierarchy_level7": "",
  "currency": "Swiss franc",
  "file_name_1": "5111290_1.jpg",
  "image_url_1": "https://sortiment.lidl.ch/media/catalog/product/cache/38c728e59b3a47950872534eff8a1e63/5/1/5111290_PSXX.jpg"
},
{
  "_id": {
    "$oid": "66f3a474d23ade1eec55fb51"
  },
  "unique_id": "5111288",
  "product_name": "Wander Ovomaltine Original",
  "brand": "Wander",
  "regular_price": 12.89,
  "selling_price": 12.89,
  "price_per_unit": "pro 750g | 100g = 1.72 CHF",
  "breadcrumb": "Sortiment > Sortiment > Wander Ovomaltine Original",
  "pdp_url": "https://sortiment.lidl.ch/de/wander-ovomaltine-original-5111288",
  "product_description": "Artikelnr.: 5111288",
  "producthierarchy_level1": "Sortiment",
  "producthierarchy_level2": "Sortiment",
  "producthierarchy_level3": "Wander Ovomaltine Original",
  "producthierarchy_level4": "",
  "producthierarchy_level5": "",
  "producthierarchy_level6": "",
  "producthierarchy_level7": "",
  "currency": "Swiss franc",
  "file_name_1": "5111288_1.jpg",
  "image_url_1": "https://sortiment.lidl.ch/media/catalog/product/cache/38c728e59b3a47950872534eff8a1e63/5/1/5111288_PSXX.jpg"
},
{
  "_id": {
    "$oid": "66f3a475d23ade1eec55fb52"
  },
  "unique_id": "175043",
  "product_name": "Kaffeebohnen Rosso",
  "brand": "Bellarom",
  "regular_price": 5.99,
  "selling_price": 5.99,
  "price_per_unit": "pro 1000g",
  "breadcrumb": "Sortiment > Sortiment > Kaffeebohnen Rosso",
  "pdp_url": "https://sortiment.lidl.ch/de/kaffeebohnen-rosso-0175043",
  "product_description": "Artikelnr.: 175043",
  "producthierarchy_level1": "Sortiment",
  "producthierarchy_level2": "Sortiment",
  "producthierarchy_level3": "Kaffeebohnen Rosso",
  "producthierarchy_level4": "",
  "producthierarchy_level5": "",
  "producthierarchy_level6": "",
  "producthierarchy_level7": "",
  "currency": "Swiss franc",
  "file_name_1": "175043_1.jpg",
  "image_url_1": "https://sortiment.lidl.ch/media/catalog/product/cache/38c728e59b3a47950872534eff8a1e63/1/7/175043_PSXX.jpg"
},
{
  "_id": {
    "$oid": "66f3a476d23ade1eec55fb53"
  },
  "unique_id": "5110822",
  "product_name": "High Protein Käsescheiben",
  "brand": "Fromani",
  "regular_price": 2.89,
  "selling_price": 2.89,
  "price_per_unit": "pro 180g | 100g = 1.61 CHF",
  "breadcrumb": "Sortiment > Sortiment > High Protein Käsescheiben",
  "pdp_url": "https://sortiment.lidl.ch/de/high-protein-kaesescheiben-5110822",
  "product_description": "Artikelnr.: 5110822",
  "producthierarchy_level1": "Sortiment",
  "producthierarchy_level2": "Sortiment",
  "producthierarchy_level3": "High Protein Käsescheiben",
  "producthierarchy_level4": "",
  "producthierarchy_level5": "",
  "producthierarchy_level6": "",
  "producthierarchy_level7": "",
  "currency": "Swiss franc",
  "file_name_1": "5110822_1.jpg",
  "image_url_1": "https://sortiment.lidl.ch/media/catalog/product/cache/38c728e59b3a47950872534eff8a1e63/5/1/5110822_PSXX.jpg"
},
{
  "_id": {
    "$oid": "66f3a478d23ade1eec55fb54"
  },
  "unique_id": "8830",
  "product_name": "Coca Cola Vanille",
  "brand": "Coca Cola",
  "regular_price": 1.05,
  "selling_price": 1.05,
  "price_per_unit": "pro 0,25l | 1L = 4.20 CHF",
  "breadcrumb": "Sortiment > Sortiment > Coca Cola Vanille",
  "pdp_url": "https://sortiment.lidl.ch/de/coca-cola-vanille-0008830",
  "product_description": "Artikelnr.: 8830",
  "producthierarchy_level1": "Sortiment",
  "producthierarchy_level2": "Sortiment",
  "producthierarchy_level3": "Coca Cola Vanille",
  "producthierarchy_level4": "",
  "producthierarchy_level5": "",
  "producthierarchy_level6": "",
  "producthierarchy_level7": "",
  "currency": "Swiss franc",
  "file_name_1": "8830_1.jpg",
  "image_url_1": "https://sortiment.lidl.ch/media/catalog/product/cache/38c728e59b3a47950872534eff8a1e63/8/8/8830_ED_Vanilla_PSXX.jpg",
  "file_name_2": "8830_2.jpg",
  "image_url_2": "https://sortiment.lidl.ch/media/catalog/product/cache/38c728e59b3a47950872534eff8a1e63/8/8/8830_PSXX.jpg"
},
{
  "_id": {
    "$oid": "66f3a479d23ade1eec55fb55"
  },
  "unique_id": "8850",
  "product_name": "Evian Mineralwasser",
  "brand": "Evian",
  "regular_price": 1.15,
  "selling_price": 1.15,
  "price_per_unit": "pro 0,75l | 1L = 1.54 CHF",
  "breadcrumb": "Sortiment > Sortiment > Evian Mineralwasser",
  "pdp_url": "https://sortiment.lidl.ch/de/evian-mineralwasser-0008850",
  "product_description": "Artikelnr.: 8850",
  "producthierarchy_level1": "Sortiment",
  "producthierarchy_level2": "Sortiment",
  "producthierarchy_level3": "Evian Mineralwasser",
  "producthierarchy_level4": "",
  "producthierarchy_level5": "",
  "producthierarchy_level6": "",
  "producthierarchy_level7": "",
  "currency": "Swiss franc",
  "file_name_1": "8850_1.jpg",
  "image_url_1": "https://sortiment.lidl.ch/media/catalog/product/cache/38c728e59b3a47950872534eff8a1e63/8/8/8850_EF_PSXX.jpg",
  "file_name_2": "8850_2.jpg",
  "image_url_2": "https://sortiment.lidl.ch/media/catalog/product/cache/38c728e59b3a47950872534eff8a1e63/8/8/8850_Gold_PSXX.jpg",
  "file_name_3": "8850_3.jpg",
  "image_url_3": "https://sortiment.lidl.ch/media/catalog/product/cache/38c728e59b3a47950872534eff8a1e63/8/8/8850_Tennis_PSXX.jpg"
},
{
  "_id": {
    "$oid": "66f3a47bd23ade1eec55fb56"
  },
  "unique_id": "34515",
  "product_name": "Pinotage",
  "brand": "Cimarosa",
  "regular_price": 5.99,
  "selling_price": 5.99,
  "price_per_unit": "pro 0,75l | 1L = 7.99 CHF",
  "breadcrumb": "Sortiment > Sortiment > Pinotage",
  "pdp_url": "https://sortiment.lidl.ch/de/pinotage-0034515",
  "product_description": "Artikelnr.: 34515",
  "producthierarchy_level1": "Sortiment",
  "producthierarchy_level2": "Sortiment",
  "producthierarchy_level3": "Pinotage",
  "producthierarchy_level4": "",
  "producthierarchy_level5": "",
  "producthierarchy_level6": "",
  "producthierarchy_level7": "",
  "currency": "Swiss franc",
  "file_name_1": "34515_1.jpg",
  "image_url_1": "https://sortiment.lidl.ch/media/catalog/product/cache/38c728e59b3a47950872534eff8a1e63/3/4/34515_PSWE.jpg"
},
{
  "_id": {
    "$oid": "66f3a47cd23ade1eec55fb57"
  },
  "unique_id": "5004860",
  "product_name": "Bio Pouletbrust",
  "brand": "Carnesi",
  "regular_price": 2.79,
  "selling_price": 2.79,
  "price_per_unit": "pro 100g, ca. 350g",
  "breadcrumb": "Sortiment > Sortiment > Bio Pouletbrust",
  "pdp_url": "https://sortiment.lidl.ch/de/bio-pouletbrust-5004860",
  "product_description": "Artikelnr.: 5004860",
  "producthierarchy_level1": "Sortiment",
  "producthierarchy_level2": "Sortiment",
  "producthierarchy_level3": "Bio Pouletbrust",
  "producthierarchy_level4": "",
  "producthierarchy_level5": "",
  "producthierarchy_level6": "",
  "producthierarchy_level7": "",
  "currency": "Swiss franc",
  "file_name_1": "5004860_1.jpg",
  "image_url_1": "https://sortiment.lidl.ch/media/catalog/product/cache/38c728e59b3a47950872534eff8a1e63/5/0/5004860_FKBF.jpg",
  "file_name_2": "5004860_2.jpg",
  "image_url_2": "https://sortiment.lidl.ch/media/catalog/product/cache/38c728e59b3a47950872534eff8a1e63/5/0/5004860_PSXX.jpg"
},
{
  "_id": {
    "$oid": "66f3a47dd23ade1eec55fb58"
  },
  "unique_id": "182375",
  "product_name": "Gefrierbeutel mit Zippverschluss",
  "brand": "Aromata",
  "regular_price": 1.19,
  "selling_price": 1.19,
  "price_per_unit": "pro 15 Stück, 20 Stück | 1 Stk = 0.08, 0.06 CHF",
  "breadcrumb": "Sortiment > Sortiment > Gefrierbeutel mit Zippverschluss",
  "pdp_url": "https://sortiment.lidl.ch/de/gefrierbeutel-mit-zippverschluss-0182375",
  "product_description": "Artikelnr.: 182375",
  "producthierarchy_level1": "Sortiment",
  "producthierarchy_level2": "Sortiment",
  "producthierarchy_level3": "Gefrierbeutel mit Zippverschluss",
  "producthierarchy_level4": "",
  "producthierarchy_level5": "",
  "producthierarchy_level6": "",
  "producthierarchy_level7": "",
  "currency": "Swiss franc",
  "file_name_1": "182375_1.jpg",
  "image_url_1": "https://sortiment.lidl.ch/media/amasty/amoptmobile/catalog/product/cache/38c728e59b3a47950872534eff8a1e63/1/8/182375_1l_PSXX.jpg",
  "file_name_2": "182375_2.jpg",
  "image_url_2": "https://sortiment.lidl.ch/media/catalog/product/cache/38c728e59b3a47950872534eff8a1e63/1/8/182375_3l_PSXX.jpg"
},
{
  "_id": {
    "$oid": "66f3a47ed23ade1eec55fb59"
  },
  "unique_id": "5110749",
  "product_name": "Vorzugsbutter",
  "brand": "Milbona",
  "regular_price": 3.45,
  "selling_price": 3.45,
  "price_per_unit": "pro 200g | 100g = 1.73 CHF",
  "breadcrumb": "Sortiment > Sortiment > Vorzugsbutter",
  "pdp_url": "https://sortiment.lidl.ch/de/vorzugsbutter-5110749",
  "product_description": "Artikelnr.: 5110749",
  "producthierarchy_level1": "Sortiment",
  "producthierarchy_level2": "Sortiment",
  "producthierarchy_level3": "Vorzugsbutter",
  "producthierarchy_level4": "",
  "producthierarchy_level5": "",
  "producthierarchy_level6": "",
  "producthierarchy_level7": "",
  "currency": "Swiss franc",
  "file_name_1": "5110749_1.jpg",
  "image_url_1": "https://sortiment.lidl.ch/media/catalog/product/cache/38c728e59b3a47950872534eff8a1e63/5/1/5110749_PSXX.jpg"
},
{
  "_id": {
    "$oid": "66f3a480d23ade1eec55fb5a"
  },
  "unique_id": "5110659",
  "product_name": "Urnäscher Bergdiamant",
  "brand": "Deluxe",
  "regular_price": 4.99,
  "selling_price": 4.99,
  "price_per_unit": "pro 200g | 100g = 2.50 CHF",
  "breadcrumb": "Sortiment > Sortiment > Urnäscher Bergdiamant",
  "pdp_url": "https://sortiment.lidl.ch/de/urnaescher-bergdiamant-5110659",
  "product_description": "Artikelnr.: 5110659",
  "producthierarchy_level1": "Sortiment",
  "producthierarchy_level2": "Sortiment",
  "producthierarchy_level3": "Urnäscher Bergdiamant",
  "producthierarchy_level4": "",
  "producthierarchy_level5": "",
  "producthierarchy_level6": "",
  "producthierarchy_level7": "",
  "currency": "Swiss franc",
  "file_name_1": "5110659_1.jpg",
  "image_url_1": "https://sortiment.lidl.ch/media/catalog/product/cache/38c728e59b3a47950872534eff8a1e63/5/1/5110659_FKBF.jpg",
  "file_name_2": "5110659_2.jpg",
  "image_url_2": "https://sortiment.lidl.ch/media/catalog/product/cache/38c728e59b3a47950872534eff8a1e63/5/1/5110659_PSXX.jpg"
},
{
  "_id": {
    "$oid": "66f3a481d23ade1eec55fb5b"
  },
  "unique_id": "5110420",
  "product_name": "Roter Teufel extra",
  "brand": "Deluxe",
  "regular_price": 4.99,
  "selling_price": 4.99,
  "price_per_unit": "pro 200g | 100g = 2.50 CHF",
  "breadcrumb": "Sortiment > Sortiment > Roter Teufel extra",
  "pdp_url": "https://sortiment.lidl.ch/de/roter-teufel-extra-5110420",
  "product_description": "Artikelnr.: 5110420",
  "producthierarchy_level1": "Sortiment",
  "producthierarchy_level2": "Sortiment",
  "producthierarchy_level3": "Roter Teufel extra",
  "producthierarchy_level4": "",
  "producthierarchy_level5": "",
  "producthierarchy_level6": "",
  "producthierarchy_level7": "",
  "currency": "Swiss franc",
  "file_name_1": "5110420_1.jpg",
  "image_url_1": "https://sortiment.lidl.ch/media/catalog/product/cache/38c728e59b3a47950872534eff8a1e63/5/1/5110420_FKBF.jpg",
  "file_name_2": "5110420_2.jpg",
  "image_url_2": "https://sortiment.lidl.ch/media/catalog/product/cache/38c728e59b3a47950872534eff8a1e63/5/1/5110420_PSXX.jpg"
},
{
  "_id": {
    "$oid": "66f3a483d23ade1eec55fb5c"
  },
  "unique_id": "5111088",
  "product_name": "Trutencotto",
  "brand": "Maestade",
  "regular_price": 2.59,
  "selling_price": 2.59,
  "price_per_unit": "pro 200g | 100g = 1.30 CHF",
  "breadcrumb": "Sortiment > Sortiment > Trutencotto",
  "pdp_url": "https://sortiment.lidl.ch/de/trutencotto-5111088",
  "product_description": "Artikelnr.: 5111088",
  "producthierarchy_level1": "Sortiment",
  "producthierarchy_level2": "Sortiment",
  "producthierarchy_level3": "Trutencotto",
  "producthierarchy_level4": "",
  "producthierarchy_level5": "",
  "producthierarchy_level6": "",
  "producthierarchy_level7": "",
  "currency": "Swiss franc",
  "file_name_1": "5111088_1.jpg",
  "image_url_1": "https://sortiment.lidl.ch/media/catalog/product/cache/38c728e59b3a47950872534eff8a1e63/5/1/5111088_PSXX.jpg"
},
{
  "_id": {
    "$oid": "66f3a484d23ade1eec55fb5d"
  },
  "unique_id": "5111091",
  "product_name": "TINmatic Geschirrspülmaschinen-Pulver",
  "brand": "TINmatic",
  "regular_price": 3.45,
  "selling_price": 3.45,
  "price_per_unit": "pro 1,5kg | 1Kg = 2.30 CHF",
  "breadcrumb": "Sortiment > Sortiment > TINmatic Geschirrspülmaschinen-Pulver",
  "pdp_url": "https://sortiment.lidl.ch/de/tinmatic-geschirrspuelmaschinen-pulver-5111091",
  "product_description": "Artikelnr.: 5111091",
  "producthierarchy_level1": "Sortiment",
  "producthierarchy_level2": "Sortiment",
  "producthierarchy_level3": "TINmatic Geschirrspülmaschinen-Pulver",
  "producthierarchy_level4": "",
  "producthierarchy_level5": "",
  "producthierarchy_level6": "",
  "producthierarchy_level7": "",
  "currency": "Swiss franc",
  "file_name_1": "5111091_1.jpg",
  "image_url_1": "https://sortiment.lidl.ch/media/catalog/product/cache/38c728e59b3a47950872534eff8a1e63/5/1/5111091_PSXX.jpg"
},
{
  "_id": {
    "$oid": "66f3a485d23ade1eec55fb5e"
  },
  "unique_id": "184830",
  "product_name": "Crunchy Müesli",
  "brand": "Crownfield",
  "regular_price": 2.49,
  "selling_price": 2.49,
  "price_per_unit": "pro 750g | 100g = 0.34 CHF",
  "breadcrumb": "Sortiment > Sortiment > Crunchy Müesli",
  "pdp_url": "https://sortiment.lidl.ch/de/crunchy-mueesli-0184830",
  "product_description": "Artikelnr.: 184830",
  "producthierarchy_level1": "Sortiment",
  "producthierarchy_level2": "Sortiment",
  "producthierarchy_level3": "Crunchy Müesli",
  "producthierarchy_level4": "",
  "producthierarchy_level5": "",
  "producthierarchy_level6": "",
  "producthierarchy_level7": "",
  "currency": "Swiss franc",
  "file_name_1": "184830_1.jpg",
  "image_url_1": "https://sortiment.lidl.ch/media/catalog/product/cache/38c728e59b3a47950872534eff8a1e63/1/8/184830_Oat_PSXX.jpg",
  "file_name_2": "184830_2.jpg",
  "image_url_2": "https://sortiment.lidl.ch/media/catalog/product/cache/38c728e59b3a47950872534eff8a1e63/1/8/184830_SchokoHafer_PSXX.jpg"
},
{
  "_id": {
    "$oid": "66f3a486d23ade1eec55fb5f"
  },
  "unique_id": "184354",
  "product_name": "Trutenbrust Ministeaks",
  "brand": "Carnesi",
  "regular_price": 4.99,
  "selling_price": 4.99,
  "price_per_unit": "pro 400g | 100g = 1.25 CHF",
  "breadcrumb": "Sortiment > Sortiment > Trutenbrust Ministeaks",
  "pdp_url": "https://sortiment.lidl.ch/de/trutenbrust-ministeaks-0184354",
  "product_description": "Artikelnr.: 184354",
  "producthierarchy_level1": "Sortiment",
  "producthierarchy_level2": "Sortiment",
  "producthierarchy_level3": "Trutenbrust Ministeaks",
  "producthierarchy_level4": "",
  "producthierarchy_level5": "",
  "producthierarchy_level6": "",
  "producthierarchy_level7": "",
  "currency": "Swiss franc",
  "file_name_1": "184354_1.jpg",
  "image_url_1": "https://sortiment.lidl.ch/media/amasty/amoptmobile/catalog/product/cache/38c728e59b3a47950872534eff8a1e63/1/8/184354_FKBF.jpg",
  "file_name_2": "184354_2.jpg",
  "image_url_2": "https://sortiment.lidl.ch/media/catalog/product/cache/38c728e59b3a47950872534eff8a1e63/1/8/184354_PSXX.jpg"
},
{
  "_id": {
    "$oid": "66f3a488d23ade1eec55fb60"
  },
  "unique_id": "184352",
  "product_name": "Trutenbrust Schnitzel",
  "brand": "Carnesi",
  "regular_price": 8.99,
  "selling_price": 8.99,
  "price_per_unit": "pro 500g | 100g = 1.80 CHF",
  "breadcrumb": "Sortiment > Sortiment > Trutenbrust Schnitzel",
  "pdp_url": "https://sortiment.lidl.ch/de/trutenbrust-schnitzel-0184352",
  "product_description": "Artikelnr.: 184352",
  "producthierarchy_level1": "Sortiment",
  "producthierarchy_level2": "Sortiment",
  "producthierarchy_level3": "Trutenbrust Schnitzel",
  "producthierarchy_level4": "",
  "producthierarchy_level5": "",
  "producthierarchy_level6": "",
  "producthierarchy_level7": "",
  "currency": "Swiss franc",
  "file_name_1": "184352_1.jpg",
  "image_url_1": "https://sortiment.lidl.ch/media/catalog/product/cache/38c728e59b3a47950872534eff8a1e63/1/8/184352_FKBF.jpg",
  "file_name_2": "184352_2.jpg",
  "image_url_2": "https://sortiment.lidl.ch/media/catalog/product/cache/38c728e59b3a47950872534eff8a1e63/1/8/184352_PSXX.jpg"
},
{
  "_id": {
    "$oid": "66f3a489d23ade1eec55fb61"
  },
  "unique_id": "5103520",
  "product_name": "XXL Sandwich",
  "brand": "Chef Select",
  "regular_price": 4.99,
  "selling_price": 4.99,
  "price_per_unit": "pro 245g, 260g | 100g = 2.04, 1.92 CHF",
  "breadcrumb": "Sortiment > Sortiment > XXL Sandwich",
  "pdp_url": "https://sortiment.lidl.ch/de/xxl-sandwich-5103520",
  "product_description": "Artikelnr.: 5103520",
  "producthierarchy_level1": "Sortiment",
  "producthierarchy_level2": "Sortiment",
  "producthierarchy_level3": "XXL Sandwich",
  "producthierarchy_level4": "",
  "producthierarchy_level5": "",
  "producthierarchy_level6": "",
  "producthierarchy_level7": "",
  "currency": "Swiss franc",
  "file_name_1": "5103520_1.jpg",
  "image_url_1": "https://sortiment.lidl.ch/media/catalog/product/cache/38c728e59b3a47950872534eff8a1e63/5/1/5103520_Salami_Fleischkaese_PSXX.jpg",
  "file_name_2": "5103520_2.jpg",
  "image_url_2": "https://sortiment.lidl.ch/media/catalog/product/cache/38c728e59b3a47950872534eff8a1e63/5/1/5103520_Schinken_Kaese_PSXX.jpg"
},
{
  "_id": {
    "$oid": "66f3a48ad23ade1eec55fb62"
  },
  "unique_id": "164705",
  "product_name": "Minispray",
  "brand": "W5",
  "regular_price": 2.99,
  "selling_price": 2.99,
  "price_per_unit": "pro 1x24ml, 3x24ml | 100ML = 12.46, 4.16 CHF",
  "breadcrumb": "Sortiment > Sortiment > Minispray",
  "pdp_url": "https://sortiment.lidl.ch/de/minispray-0164705",
  "product_description": "Artikelnr.: 164705",
  "producthierarchy_level1": "Sortiment",
  "producthierarchy_level2": "Sortiment",
  "producthierarchy_level3": "Minispray",
  "producthierarchy_level4": "",
  "producthierarchy_level5": "",
  "producthierarchy_level6": "",
  "producthierarchy_level7": "",
  "currency": "Swiss franc",
  "file_name_1": "164705_1.jpg",
  "image_url_1": "https://sortiment.lidl.ch/media/catalog/product/cache/38c728e59b3a47950872534eff8a1e63/1/6/164705_Nachfueller_Lemon_PSXX.jpg",
  "file_name_2": "164705_2.jpg",
  "image_url_2": "https://sortiment.lidl.ch/media/catalog/product/cache/38c728e59b3a47950872534eff8a1e63/1/6/164705_Nachfueller_Ocean_PSXX.jpg",
  "file_name_3": "164705_3.jpg",
  "image_url_3": "https://sortiment.lidl.ch/media/catalog/product/cache/38c728e59b3a47950872534eff8a1e63/1/6/164705_Nachfueller_ZenFlower_PSXX.jpg",
  "file_name_4": "164705_4.jpg",
  "image_url_4": "https://sortiment.lidl.ch/media/catalog/product/cache/38c728e59b3a47950872534eff8a1e63/1/6/164705_Starterset_Lemon_PSXX.jpg",
  "file_name_5": "164705_5.jpg",
  "image_url_5": "https://sortiment.lidl.ch/media/catalog/product/cache/38c728e59b3a47950872534eff8a1e63/1/6/164705_Starterset_Ocean_PSXX.jpg",
  "file_name_6": "164705_6.jpg",
  "image_url_6": "https://sortiment.lidl.ch/media/catalog/product/cache/38c728e59b3a47950872534eff8a1e63/1/6/164705_Starterset_ZenFlower_PSXX.jpg"
},
{
  "_id": {
    "$oid": "66f3a48cd23ade1eec55fb63"
  },
  "unique_id": "5110552",
  "product_name": "Schweinsplätzli vom Bäggli",
  "brand": "Terra Natura",
  "regular_price": 9.99,
  "selling_price": 9.99,
  "price_per_unit": "pro 400g | 100g = 2.50 CHF",
  "breadcrumb": "Sortiment > Sortiment > Schweinsplätzli vom Bäggli",
  "pdp_url": "https://sortiment.lidl.ch/de/schweinsplaetzli-vom-baeggli-5110552",
  "product_description": "Artikelnr.: 5110552",
  "producthierarchy_level1": "Sortiment",
  "producthierarchy_level2": "Sortiment",
  "producthierarchy_level3": "Schweinsplätzli vom Bäggli",
  "producthierarchy_level4": "",
  "producthierarchy_level5": "",
  "producthierarchy_level6": "",
  "producthierarchy_level7": "",
  "currency": "Swiss franc",
  "file_name_1": "5110552_1.jpg",
  "image_url_1": "https://sortiment.lidl.ch/media/catalog/product/cache/38c728e59b3a47950872534eff8a1e63/5/1/5110552_FKBF.jpg",
  "file_name_2": "5110552_2.jpg",
  "image_url_2": "https://sortiment.lidl.ch/media/catalog/product/cache/38c728e59b3a47950872534eff8a1e63/5/1/5110552_PSXX.jpg"
},
{
  "_id": {
    "$oid": "66f3a48dd23ade1eec55fb64"
  },
  "unique_id": "186017",
  "product_name": "White Box",
  "brand": "Goldfield",
  "regular_price": 5.65,
  "selling_price": 5.65,
  "price_per_unit": "pro 20 Stück | 1 Stk = 0.29 CHF",
  "breadcrumb": "Sortiment > Sortiment > White Box",
  "pdp_url": "https://sortiment.lidl.ch/de/white-box-0186017",
  "product_description": "Artikelnr.: 186017",
  "producthierarchy_level1": "Sortiment",
  "producthierarchy_level2": "Sortiment",
  "producthierarchy_level3": "White Box",
  "producthierarchy_level4": "",
  "producthierarchy_level5": "",
  "producthierarchy_level6": "",
  "producthierarchy_level7": "",
  "currency": "Swiss franc",
  "file_name_1": "186017_1.jpg",
  "image_url_1": "https://sortiment.lidl.ch/media/catalog/product/cache/38c728e59b3a47950872534eff8a1e63/1/8/186017_PSXX.jpg"
},
{
  "_id": {
    "$oid": "66f3a48fd23ade1eec55fb65"
  },
  "unique_id": "186016",
  "product_name": "Silver Box",
  "brand": "Goldfield",
  "regular_price": 5.65,
  "selling_price": 5.65,
  "price_per_unit": "pro Stück | 1 Stk = 0.29 CHF",
  "breadcrumb": "Sortiment > Sortiment > Silver Box",
  "pdp_url": "https://sortiment.lidl.ch/de/silver-box-0186016",
  "product_description": "Artikelnr.: 186016",
  "producthierarchy_level1": "Sortiment",
  "producthierarchy_level2": "Sortiment",
  "producthierarchy_level3": "Silver Box",
  "producthierarchy_level4": "",
  "producthierarchy_level5": "",
  "producthierarchy_level6": "",
  "producthierarchy_level7": "",
  "currency": "Swiss franc",
  "file_name_1": "186016_1.jpg",
  "image_url_1": "https://sortiment.lidl.ch/media/catalog/product/cache/38c728e59b3a47950872534eff8a1e63/1/8/186016_PSXX.jpg"
},
{
  "_id": {
    "$oid": "66f3a490d23ade1eec55fb66"
  },
  "unique_id": "186015",
  "product_name": "Gold Box",
  "brand": "Goldfield",
  "regular_price": 5.65,
  "selling_price": 5.65,
  "price_per_unit": "pro Stück | 1 Stk = 0.29 CHF",
  "breadcrumb": "Sortiment > Sortiment > Gold Box",
  "pdp_url": "https://sortiment.lidl.ch/de/gold-box-0186015",
  "product_description": "Artikelnr.: 186015",
  "producthierarchy_level1": "Sortiment",
  "producthierarchy_level2": "Sortiment",
  "producthierarchy_level3": "Gold Box",
  "producthierarchy_level4": "",
  "producthierarchy_level5": "",
  "producthierarchy_level6": "",
  "producthierarchy_level7": "",
  "currency": "Swiss franc",
  "file_name_1": "186015_1.jpg",
  "image_url_1": "https://sortiment.lidl.ch/media/catalog/product/cache/38c728e59b3a47950872534eff8a1e63/1/8/186015_PSXX.jpg"
},
{
  "_id": {
    "$oid": "66f3a492d23ade1eec55fb67"
  },
  "unique_id": "186014",
  "product_name": "Red Box",
  "brand": "Goldfield",
  "regular_price": 5.65,
  "selling_price": 5.65,
  "price_per_unit": "pro 20 Stück | 1 Stk = 0.29 CHF",
  "breadcrumb": "Sortiment > Sortiment > Red Box",
  "pdp_url": "https://sortiment.lidl.ch/de/red-box-0186014",
  "product_description": "Artikelnr.: 186014",
  "producthierarchy_level1": "Sortiment",
  "producthierarchy_level2": "Sortiment",
  "producthierarchy_level3": "Red Box",
  "producthierarchy_level4": "",
  "producthierarchy_level5": "",
  "producthierarchy_level6": "",
  "producthierarchy_level7": "",
  "currency": "Swiss franc",
  "file_name_1": "186014_1.jpg",
  "image_url_1": "https://sortiment.lidl.ch/media/catalog/product/cache/38c728e59b3a47950872534eff8a1e63/1/8/186014_PSXX.jpg"
},
{
  "_id": {
    "$oid": "66f3a493d23ade1eec55fb68"
  },
  "unique_id": "184630",
  "product_name": "MSC/ASC Crevetten",
  "brand": "nautica",
  "regular_price": 2.95,
  "selling_price": 1.95,
  "price_per_unit": "pro 100g, 110g, 120g | 100g = 1.95, 1.78, 1.63 CHF",
  "breadcrumb": "Sortiment > Sortiment > MSC/ASC Crevetten",
  "pdp_url": "https://sortiment.lidl.ch/de/msc-asc-crevetten-0184630",
  "product_description": "Artikelnr.: 184630",
  "producthierarchy_level1": "Sortiment",
  "producthierarchy_level2": "Sortiment",
  "producthierarchy_level3": "MSC/ASC Crevetten",
  "producthierarchy_level4": "",
  "producthierarchy_level5": "",
  "producthierarchy_level6": "",
  "producthierarchy_level7": "",
  "currency": "Swiss franc",
  "file_name_1": "184630_1.jpg",
  "image_url_1": "https://sortiment.lidl.ch/media/catalog/product/cache/38c728e59b3a47950872534eff8a1e63/1/8/184630_FKBF.jpg"
},
{
  "_id": {
    "$oid": "66f3a494d23ade1eec55fb69"
  },
  "unique_id": "133796",
  "product_name": "Chenin Blanc Paarl",
  "brand": "Deluxe",
  "regular_price": 3.99,
  "selling_price": 3.99,
  "price_per_unit": "pro 0,75l | 1L = 5.32 CHF",
  "breadcrumb": "Sortiment > Sortiment > Chenin Blanc Paarl",
  "pdp_url": "https://sortiment.lidl.ch/de/chenin-blanc-paarl-0133796",
  "product_description": "Artikelnr.: 133796",
  "producthierarchy_level1": "Sortiment",
  "producthierarchy_level2": "Sortiment",
  "producthierarchy_level3": "Chenin Blanc Paarl",
  "producthierarchy_level4": "",
  "producthierarchy_level5": "",
  "producthierarchy_level6": "",
  "producthierarchy_level7": "",
  "currency": "Swiss franc",
  "file_name_1": "133796_1.jpg",
  "image_url_1": "https://sortiment.lidl.ch/media/catalog/product/cache/38c728e59b3a47950872534eff8a1e63/1/3/133796_PSWE.jpg"
},
{
  "_id": {
    "$oid": "66f3a495d23ade1eec55fb6a"
  },
  "unique_id": "175045",
  "product_name": "Kaffeebohnen Espresso Extra",
  "brand": "Bellarom",
  "regular_price": 11.99,
  "selling_price": 11.99,
  "price_per_unit": "pro 1000g",
  "breadcrumb": "Sortiment > Sortiment > Kaffeebohnen Espresso Extra",
  "pdp_url": "https://sortiment.lidl.ch/de/kaffeebohnen-espresso-extra-0175045",
  "product_description": "Artikelnr.: 175045",
  "producthierarchy_level1": "Sortiment",
  "producthierarchy_level2": "Sortiment",
  "producthierarchy_level3": "Kaffeebohnen Espresso Extra",
  "producthierarchy_level4": "",
  "producthierarchy_level5": "",
  "producthierarchy_level6": "",
  "producthierarchy_level7": "",
  "currency": "Swiss franc",
  "file_name_1": "175045_1.jpg",
  "image_url_1": "https://sortiment.lidl.ch/media/catalog/product/cache/38c728e59b3a47950872534eff8a1e63/1/7/175045_PSXX.jpg"
},
{
  "_id": {
    "$oid": "66f3a497d23ade1eec55fb6b"
  },
  "unique_id": "128690",
  "product_name": "Grandioso Dessert",
  "brand": "Milbona",
  "regular_price": 0.99,
  "selling_price": 0.99,
  "price_per_unit": "pro 190g | 100g = 0.53 CHF",
  "breadcrumb": "Sortiment > Sortiment > Grandioso Dessert",
  "pdp_url": "https://sortiment.lidl.ch/de/grandioso-dessert-0128690",
  "product_description": "Artikelnr.: 128690",
  "producthierarchy_level1": "Sortiment",
  "producthierarchy_level2": "Sortiment",
  "producthierarchy_level3": "Grandioso Dessert",
  "producthierarchy_level4": "",
  "producthierarchy_level5": "",
  "producthierarchy_level6": "",
  "producthierarchy_level7": "",
  "currency": "Swiss franc",
  "file_name_1": "128690_1.jpg",
  "image_url_1": "https://sortiment.lidl.ch/media/catalog/product/cache/38c728e59b3a47950872534eff8a1e63/1/2/128690_Double_Choc_PSXX.jpg",
  "file_name_2": "128690_2.jpg",
  "image_url_2": "https://sortiment.lidl.ch/media/catalog/product/cache/38c728e59b3a47950872534eff8a1e63/1/2/128690_Double_Coffee_PSXX.jpg",
  "file_name_3": "128690_3.jpg",
  "image_url_3": "https://sortiment.lidl.ch/media/catalog/product/cache/38c728e59b3a47950872534eff8a1e63/1/2/128690_Vanille_PSXX.jpg"
},
{
  "_id": {
    "$oid": "66f3a498d23ade1eec55fb6c"
  },
  "unique_id": "159266",
  "product_name": "Zebra Donut",
  "brand": "",
  "regular_price": 0.99,
  "selling_price": 0.99,
  "price_per_unit": "pro 75g | 100g = 1.32 CHF",
  "breadcrumb": "Sortiment > Sortiment > Zebra Donut",
  "pdp_url": "https://sortiment.lidl.ch/de/zebra-donut-0159266",
  "product_description": "Artikelnr.: 159266 Siedegebäck aus Hefeteig, überzogen mit weisser und kakaohaltiger Fettglasur, aufgetaut. Teig – Zutaten: Weizenmehl, Wasser, Palmfett, pflanzliches Öl (Sonnenblume und/oder Rapsöl), Dextrose, Hefe, Sojamehl , Süssmolkenpulver , Backtriebmittel: Diphosphate, Natriumbicarbonate, Speisesalz, Emulgatoren: Mono- und Diglyceride von Speisefettsäuren, Natriumstearoyl-2-Lactylat, Magermilchpulver , Farbstoff: Carotine, Aroma. 41% Überzug – Zutaten: Zucker, pflanzliches Fett (Kokosnuss, Palmkern), Süssmolkenpulver , Laktose , Maisstärke, Stabilisator: Sorbitantristearat, Emulgator: Sonnenblumen-Lecithine, 0,3% fettarmes Kakaopulver, Milchpulver , Aromen. Kann Spuren von Ei, Erdnüsse, Schalenfrüchte (Nüsse), Sellerie, Senf, Sesam und Sulfiten enthalten. Hergestellt in Spanien.",
  "producthierarchy_level1": "Sortiment",
  "producthierarchy_level2": "Sortiment",
  "producthierarchy_level3": "Zebra Donut",
  "producthierarchy_level4": "",
  "producthierarchy_level5": "",
  "producthierarchy_level6": "",
  "producthierarchy_level7": "",
  "currency": "Swiss franc",
  "file_name_1": "159266_1.jpg",
  "image_url_1": "https://sortiment.lidl.ch/media/catalog/product/cache/38c728e59b3a47950872534eff8a1e63/1/5/159266_FKBF.jpg"
},
{
  "_id": {
    "$oid": "66f3a499d23ade1eec55fb6d"
  },
  "unique_id": "131920",
  "product_name": "Bio Quetschbeutel Früchte Box",
  "brand": "Lupilu",
  "regular_price": 2.99,
  "selling_price": 2.99,
  "price_per_unit": "pro 4x90g | 100g = 0.84 CHF",
  "breadcrumb": "Sortiment > Sortiment > Bio Quetschbeutel Früchte Box",
  "pdp_url": "https://sortiment.lidl.ch/de/bio-quetschbeutel-fruechte-box-0131920",
  "product_description": "Artikelnr.: 131920",
  "producthierarchy_level1": "Sortiment",
  "producthierarchy_level2": "Sortiment",
  "producthierarchy_level3": "Bio Quetschbeutel Früchte Box",
  "producthierarchy_level4": "",
  "producthierarchy_level5": "",
  "producthierarchy_level6": "",
  "producthierarchy_level7": "",
  "currency": "Swiss franc",
  "file_name_1": "131920_1.jpg",
  "image_url_1": "https://sortiment.lidl.ch/media/catalog/product/cache/38c728e59b3a47950872534eff8a1e63/1/3/131920_Apfel_Erdbeere_PSXX.jpg",
  "file_name_2": "131920_2.jpg",
  "image_url_2": "https://sortiment.lidl.ch/media/catalog/product/cache/38c728e59b3a47950872534eff8a1e63/1/3/131920_Apfel_Mango_PSXX.jpg",
  "file_name_3": "131920_3.jpg",
  "image_url_3": "https://sortiment.lidl.ch/media/catalog/product/cache/38c728e59b3a47950872534eff8a1e63/1/3/131920_Heidelbeere_PSXX.jpg"
},
{
  "_id": {
    "$oid": "66f3a49ad23ade1eec55fb6e"
  },
  "unique_id": "62791",
  "product_name": "Universalreiniger",
  "brand": "W5",
  "regular_price": 2.49,
  "selling_price": 2.49,
  "price_per_unit": "pro 750ml | 1L = 3.32 CHF",
  "breadcrumb": "Sortiment > Sortiment > Universalreiniger",
  "pdp_url": "https://sortiment.lidl.ch/de/universalreiniger-0062791",
  "product_description": "Artikelnr.: 62791",
  "producthierarchy_level1": "Sortiment",
  "producthierarchy_level2": "Sortiment",
  "producthierarchy_level3": "Universalreiniger",
  "producthierarchy_level4": "",
  "producthierarchy_level5": "",
  "producthierarchy_level6": "",
  "producthierarchy_level7": "",
  "currency": "Swiss franc",
  "file_name_1": "62791_1.jpg",
  "image_url_1": "https://sortiment.lidl.ch/media/catalog/product/cache/38c728e59b3a47950872534eff8a1e63/6/2/62791_MAXXPower_PSXX.jpg",
  "file_name_2": "62791_2.jpg",
  "image_url_2": "https://sortiment.lidl.ch/media/catalog/product/cache/38c728e59b3a47950872534eff8a1e63/6/2/62791_PSXX.jpg",
  "file_name_3": "62791_3.jpg",
  "image_url_3": "https://sortiment.lidl.ch/media/catalog/product/cache/38c728e59b3a47950872534eff8a1e63/6/2/62791_UltraStark_PSXX.jpg"
},
{
  "_id": {
    "$oid": "66f3a49bd23ade1eec55fb6f"
  },
  "unique_id": "168553",
  "product_name": "Handcreme",
  "brand": "Cien",
  "regular_price": 0.79,
  "selling_price": 0.79,
  "price_per_unit": "pro 100ml",
  "breadcrumb": "Sortiment > Sortiment > Handcreme",
  "pdp_url": "https://sortiment.lidl.ch/de/handcreme-0168553",
  "product_description": "Artikelnr.: 168553",
  "producthierarchy_level1": "Sortiment",
  "producthierarchy_level2": "Sortiment",
  "producthierarchy_level3": "Handcreme",
  "producthierarchy_level4": "",
  "producthierarchy_level5": "",
  "producthierarchy_level6": "",
  "producthierarchy_level7": "",
  "currency": "Swiss franc",
  "file_name_1": "168553_1.jpg",
  "image_url_1": "https://sortiment.lidl.ch/media/catalog/product/cache/38c728e59b3a47950872534eff8a1e63/1/6/168553_AntiAging_PSXX.jpg",
  "file_name_2": "168553_2.jpg",
  "image_url_2": "https://sortiment.lidl.ch/media/catalog/product/cache/38c728e59b3a47950872534eff8a1e63/1/6/168553_Camomile_PSXX.jpg",
  "file_name_3": "168553_3.jpg",
  "image_url_3": "https://sortiment.lidl.ch/media/catalog/product/cache/38c728e59b3a47950872534eff8a1e63/1/6/168553_PSXX.jpg",
  "file_name_4": "168553_4.jpg",
  "image_url_4": "https://sortiment.lidl.ch/media/catalog/product/cache/38c728e59b3a47950872534eff8a1e63/1/6/168553_Repair_PSXX.jpg"
},
{
  "_id": {
    "$oid": "66f3a49cd23ade1eec55fb70"
  },
  "unique_id": "7713799",
  "product_name": "Vivil Bonbons ohne Zucker",
  "brand": "Vivil",
  "regular_price": 1.99,
  "selling_price": 1.99,
  "price_per_unit": "pro 120g | 100g = 1.66 CHF",
  "breadcrumb": "Sortiment > Sortiment > Vivil Bonbons ohne Zucker",
  "pdp_url": "https://sortiment.lidl.ch/de/vivil-bonbons-ohne-zucker-7713799",
  "product_description": "Artikelnr.: 7713799",
  "producthierarchy_level1": "Sortiment",
  "producthierarchy_level2": "Sortiment",
  "producthierarchy_level3": "Vivil Bonbons ohne Zucker",
  "producthierarchy_level4": "",
  "producthierarchy_level5": "",
  "producthierarchy_level6": "",
  "producthierarchy_level7": "",
  "currency": "Swiss franc",
  "file_name_1": "7713799_1.jpg",
  "image_url_1": "https://sortiment.lidl.ch/media/catalog/product/cache/38c728e59b3a47950872534eff8a1e63/7/7/7713799_Salbei_PSXX.jpg",
  "file_name_2": "7713799_2.jpg",
  "image_url_2": "https://sortiment.lidl.ch/media/catalog/product/cache/38c728e59b3a47950872534eff8a1e63/7/7/7713799_Waldfrucht_PSXX.jpg"
},
{
  "_id": {
    "$oid": "66f3a49ed23ade1eec55fb71"
  },
  "unique_id": "158151",
  "product_name": "Nature Shampoo",
  "brand": "Cien Nature",
  "regular_price": 2.39,
  "selling_price": 2.39,
  "price_per_unit": "pro 200ml | 100ML = 1.20 CHF",
  "breadcrumb": "Sortiment > Sortiment > Nature Shampoo",
  "pdp_url": "https://sortiment.lidl.ch/de/nature-shampoo-0158151",
  "product_description": "Artikelnr.: 158151",
  "producthierarchy_level1": "Sortiment",
  "producthierarchy_level2": "Sortiment",
  "producthierarchy_level3": "Nature Shampoo",
  "producthierarchy_level4": "",
  "producthierarchy_level5": "",
  "producthierarchy_level6": "",
  "producthierarchy_level7": "",
  "currency": "Swiss franc",
  "file_name_1": "158151_1.jpg",
  "image_url_1": "https://sortiment.lidl.ch/media/catalog/product/cache/38c728e59b3a47950872534eff8a1e63/1/5/158151_AloeVera_PSXX.jpg",
  "file_name_2": "158151_2.jpg",
  "image_url_2": "https://sortiment.lidl.ch/media/catalog/product/cache/38c728e59b3a47950872534eff8a1e63/1/5/158151_Mandel_PSXX.jpg"
},
{
  "_id": {
    "$oid": "66f3a49fd23ade1eec55fb72"
  },
  "unique_id": "182155",
  "product_name": "Schoko-Donut",
  "brand": "",
  "regular_price": 0.79,
  "selling_price": 0.79,
  "price_per_unit": "pro 56g | 100g = 1.42 CHF",
  "breadcrumb": "Sortiment > Sortiment > Schoko-Donut",
  "pdp_url": "https://sortiment.lidl.ch/de/schoko-donut-0182155",
  "product_description": "Artikelnr.: 182155 Siedegebäck aus Hefeteig, überzogen mit 13% Milchschokoladenkuvertüre und 5% Schokoladenflocken, aufgetaut. Zutaten: Weizenmehl, Palmfett, Zucker, Wasser, Rapsöl, Vollmilchpulver, Kakaomasse, Kakaobutter, Speisesalz, Hefe, getrockneter Glukosesirup, Weizenstärke , Weizengluten,  Butterreinfett, Emulgatoren: Mono-und Diglyceride von Speisefettsäuren, Natriumstearoyl-2-lactylat, Lecithine ( Soja ), Backtriebmittel: Diphosphate, Natriumcarbonate, natürliches Vanillearoma, Mehlbehandlungsmittel: Ascorbinsäure. Kann Spuren von Ei, Erdnüsse, Schalenfrüchte (Nüsse), Sellerie, Senf, Sesam und Sulfiten enthalten. Hergestellt in Deutschland.",
  "producthierarchy_level1": "Sortiment",
  "producthierarchy_level2": "Sortiment",
  "producthierarchy_level3": "Schoko-Donut",
  "producthierarchy_level4": "",
  "producthierarchy_level5": "",
  "producthierarchy_level6": "",
  "producthierarchy_level7": "",
  "currency": "Swiss franc",
  "file_name_1": "182155_1.jpg",
  "image_url_1": "https://sortiment.lidl.ch/media/catalog/product/cache/38c728e59b3a47950872534eff8a1e63/1/8/182155_FKBF.jpg"
},
{
  "_id": {
    "$oid": "66f3a4a0d23ade1eec55fb73"
  },
  "unique_id": "1379",
  "product_name": "Poulet Cervelas",
  "brand": "Maestade",
  "regular_price": 1.75,
  "selling_price": 1.75,
  "price_per_unit": "pro 2x100g | 100g = 0.88 CHF",
  "breadcrumb": "Sortiment > Sortiment > Poulet Cervelas",
  "pdp_url": "https://sortiment.lidl.ch/de/poulet-cervelas-0001379",
  "product_description": "Artikelnr.: 1379",
  "producthierarchy_level1": "Sortiment",
  "producthierarchy_level2": "Sortiment",
  "producthierarchy_level3": "Poulet Cervelas",
  "producthierarchy_level4": "",
  "producthierarchy_level5": "",
  "producthierarchy_level6": "",
  "producthierarchy_level7": "",
  "currency": "Swiss franc",
  "file_name_1": "1379_1.jpg",
  "image_url_1": "https://sortiment.lidl.ch/media/catalog/product/cache/38c728e59b3a47950872534eff8a1e63/1/3/1379_FKBF.jpg",
  "file_name_2": "1379_2.jpg",
  "image_url_2": "https://sortiment.lidl.ch/media/catalog/product/cache/38c728e59b3a47950872534eff8a1e63/1/3/1379_PSXX.jpg"
},
{
  "_id": {
    "$oid": "66f3a4a1d23ade1eec55fb74"
  },
  "unique_id": "179490",
  "product_name": "Steinofen-Pizza Tonno",
  "brand": "Trattoria Alfredo",
  "regular_price": 4.55,
  "selling_price": 4.55,
  "price_per_unit": "pro 2x355g | 100g = 0.65 CHF",
  "breadcrumb": "Sortiment > Sortiment > Steinofen-Pizza Tonno",
  "pdp_url": "https://sortiment.lidl.ch/de/steinofen-pizza-tonno-0179490",
  "product_description": "Artikelnr.: 179490",
  "producthierarchy_level1": "Sortiment",
  "producthierarchy_level2": "Sortiment",
  "producthierarchy_level3": "Steinofen-Pizza Tonno",
  "producthierarchy_level4": "",
  "producthierarchy_level5": "",
  "producthierarchy_level6": "",
  "producthierarchy_level7": "",
  "currency": "Swiss franc",
  "file_name_1": "179490_1.jpg",
  "image_url_1": "https://sortiment.lidl.ch/media/catalog/product/cache/38c728e59b3a47950872534eff8a1e63/1/7/179490_PSXX.jpg"
},
{
  "_id": {
    "$oid": "66f3a4a3d23ade1eec55fb75"
  },
  "unique_id": "5110806",
  "product_name": "Bio Tête de Moine AOP Rosetten",
  "brand": "Fromani",
  "regular_price": 4.99,
  "selling_price": 4.99,
  "price_per_unit": "pro 100g",
  "breadcrumb": "Sortiment > Sortiment > Bio Tête de Moine AOP Rosetten",
  "pdp_url": "https://sortiment.lidl.ch/de/bio-tete-de-moine-aop-rosetten-5110806",
  "product_description": "Artikelnr.: 5110806",
  "producthierarchy_level1": "Sortiment",
  "producthierarchy_level2": "Sortiment",
  "producthierarchy_level3": "Bio Tête de Moine AOP Rosetten",
  "producthierarchy_level4": "",
  "producthierarchy_level5": "",
  "producthierarchy_level6": "",
  "producthierarchy_level7": "",
  "currency": "Swiss franc",
  "file_name_1": "5110806_1.jpg",
  "image_url_1": "https://sortiment.lidl.ch/media/catalog/product/cache/38c728e59b3a47950872534eff8a1e63/5/1/5110806_FKBF.jpg",
  "file_name_2": "5110806_2.jpg",
  "image_url_2": "https://sortiment.lidl.ch/media/catalog/product/cache/38c728e59b3a47950872534eff8a1e63/5/1/5110806_PSXX.jpg"
},
{
  "_id": {
    "$oid": "66f3a4a4d23ade1eec55fb76"
  },
  "unique_id": "5110827",
  "product_name": "Bio Schweizer Mozzarella Stange",
  "brand": "Milbona",
  "regular_price": 3.99,
  "selling_price": 3.99,
  "price_per_unit": "pro 300g | 100g = 1.33 CHF",
  "breadcrumb": "Sortiment > Sortiment > Bio Schweizer Mozzarella Stange",
  "pdp_url": "https://sortiment.lidl.ch/de/bio-schweizer-mozzarella-stange-5110827",
  "product_description": "Artikelnr.: 5110827",
  "producthierarchy_level1": "Sortiment",
  "producthierarchy_level2": "Sortiment",
  "producthierarchy_level3": "Bio Schweizer Mozzarella Stange",
  "producthierarchy_level4": "",
  "producthierarchy_level5": "",
  "producthierarchy_level6": "",
  "producthierarchy_level7": "",
  "currency": "Swiss franc",
  "file_name_1": "5110827_1.jpg",
  "image_url_1": "https://sortiment.lidl.ch/media/catalog/product/cache/38c728e59b3a47950872534eff8a1e63/5/1/5110827_Mozzarella_PSXX.jpg"
},
{
  "_id": {
    "$oid": "66f3a4a7d23ade1eec55fb77"
  },
  "unique_id": "5110819",
  "product_name": "Le Petit Hugo",
  "brand": "Fromani",
  "regular_price": 1.99,
  "selling_price": 1.99,
  "price_per_unit": "pro 100g, ca. 175g",
  "breadcrumb": "Sortiment > Sortiment > Le Petit Hugo",
  "pdp_url": "https://sortiment.lidl.ch/de/le-petit-hugo-5110819",
  "product_description": "Artikelnr.: 5110819",
  "producthierarchy_level1": "Sortiment",
  "producthierarchy_level2": "Sortiment",
  "producthierarchy_level3": "Le Petit Hugo",
  "producthierarchy_level4": "",
  "producthierarchy_level5": "",
  "producthierarchy_level6": "",
  "producthierarchy_level7": "",
  "currency": "Swiss franc",
  "file_name_1": "5110819_1.jpg",
  "image_url_1": "https://sortiment.lidl.ch/media/catalog/product/cache/38c728e59b3a47950872534eff8a1e63/5/1/5110819_PSXX.jpg"
},
{
  "_id": {
    "$oid": "66f3a4a8d23ade1eec55fb78"
  },
  "unique_id": "5110751",
  "product_name": "Bio Naturjoghurt griechischer Art",
  "brand": "Milbona",
  "regular_price": 1.99,
  "selling_price": 1.99,
  "price_per_unit": "pro 400g | 100g = 0.50 CHF",
  "breadcrumb": "Sortiment > Sortiment > Bio Naturjoghurt griechischer Art",
  "pdp_url": "https://sortiment.lidl.ch/de/bio-naturjoghurt-griechischer-art-5110751",
  "product_description": "Artikelnr.: 5110751",
  "producthierarchy_level1": "Sortiment",
  "producthierarchy_level2": "Sortiment",
  "producthierarchy_level3": "Bio Naturjoghurt griechischer Art",
  "producthierarchy_level4": "",
  "producthierarchy_level5": "",
  "producthierarchy_level6": "",
  "producthierarchy_level7": "",
  "currency": "Swiss franc",
  "file_name_1": "5110751_1.jpg",
  "image_url_1": "https://sortiment.lidl.ch/media/catalog/product/cache/38c728e59b3a47950872534eff8a1e63/5/1/5110751_PSXX.jpg"
},
{
  "_id": {
    "$oid": "66f3a4a9d23ade1eec55fb79"
  },
  "unique_id": "5105670",
  "product_name": "Pouletbrust Whiskey Marinade",
  "brand": "Bonvalle",
  "regular_price": 7.99,
  "selling_price": 7.99,
  "price_per_unit": "pro 300g | 100g = 2.67 CHF",
  "breadcrumb": "Sortiment > Sortiment > Pouletbrust Whiskey Marinade",
  "pdp_url": "https://sortiment.lidl.ch/de/pouletbrust-whiskey-marinade-5105670",
  "product_description": "Artikelnr.: 5105670",
  "producthierarchy_level1": "Sortiment",
  "producthierarchy_level2": "Sortiment",
  "producthierarchy_level3": "Pouletbrust Whiskey Marinade",
  "producthierarchy_level4": "",
  "producthierarchy_level5": "",
  "producthierarchy_level6": "",
  "producthierarchy_level7": "",
  "currency": "Swiss franc",
  "file_name_1": "5105670_1.jpg",
  "image_url_1": "https://sortiment.lidl.ch/media/catalog/product/cache/38c728e59b3a47950872534eff8a1e63/5/1/5105670_FKBF.jpg",
  "file_name_2": "5105670_2.jpg",
  "image_url_2": "https://sortiment.lidl.ch/media/catalog/product/cache/38c728e59b3a47950872534eff8a1e63/5/1/5105670_PSXX.jpg"
},
{
  "_id": {
    "$oid": "66f3a4aad23ade1eec55fb7a"
  },
  "unique_id": "180691",
  "product_name": "Sushi Wraps",
  "brand": "select & go",
  "regular_price": 5.99,
  "selling_price": 5.99,
  "price_per_unit": "pro 210g | 100g = 2.86 CHF",
  "breadcrumb": "Sortiment > Sortiment > Sushi Wraps",
  "pdp_url": "https://sortiment.lidl.ch/de/sushi-wraps-0180691",
  "product_description": "Artikelnr.: 180691",
  "producthierarchy_level1": "Sortiment",
  "producthierarchy_level2": "Sortiment",
  "producthierarchy_level3": "Sushi Wraps",
  "producthierarchy_level4": "",
  "producthierarchy_level5": "",
  "producthierarchy_level6": "",
  "producthierarchy_level7": "",
  "currency": "Swiss franc",
  "file_name_1": "180691_1.jpg",
  "image_url_1": "https://sortiment.lidl.ch/media/catalog/product/cache/38c728e59b3a47950872534eff8a1e63/1/8/180691_LachsAvocado_PSXX.jpg",
  "file_name_2": "180691_2.jpg",
  "image_url_2": "https://sortiment.lidl.ch/media/catalog/product/cache/38c728e59b3a47950872534eff8a1e63/1/8/180691_LachsMango_PSXX.jpg",
  "file_name_3": "180691_3.jpg",
  "image_url_3": "https://sortiment.lidl.ch/media/catalog/product/cache/38c728e59b3a47950872534eff8a1e63/1/8/180691_Mari_LachsWa_PSXX.jpg"
},
{
  "_id": {
    "$oid": "66f3a4abd23ade1eec55fb7b"
  },
  "unique_id": "138125",
  "product_name": "Parboiled Reis Langkorn",
  "brand": "Golden Sun",
  "regular_price": 1.35,
  "selling_price": 1.35,
  "price_per_unit": "pro 1kg",
  "breadcrumb": "Sortiment > Sortiment > Parboiled Reis Langkorn",
  "pdp_url": "https://sortiment.lidl.ch/de/parboiled-reis-langkorn-0138125",
  "product_description": "Artikelnr.: 138125",
  "producthierarchy_level1": "Sortiment",
  "producthierarchy_level2": "Sortiment",
  "producthierarchy_level3": "Parboiled Reis Langkorn",
  "producthierarchy_level4": "",
  "producthierarchy_level5": "",
  "producthierarchy_level6": "",
  "producthierarchy_level7": "",
  "currency": "Swiss franc",
  "file_name_1": "138125_1.jpg",
  "image_url_1": "https://sortiment.lidl.ch/media/catalog/product/cache/38c728e59b3a47950872534eff8a1e63/1/3/138125_PSXX.jpg"
},
{
  "_id": {
    "$oid": "66f3a4acd23ade1eec55fb7c"
  },
  "unique_id": "156211",
  "product_name": "W5 Geschirrspülmittel",
  "brand": "W5",
  "regular_price": 1.89,
  "selling_price": 1.89,
  "price_per_unit": "pro 2l | 1L = 0.95 CHF",
  "breadcrumb": "Sortiment > Sortiment > W5 Geschirrspülmittel",
  "pdp_url": "https://sortiment.lidl.ch/de/w5-geschirrspuelmittel-0156211",
  "product_description": "Artikelnr.: 156211",
  "producthierarchy_level1": "Sortiment",
  "producthierarchy_level2": "Sortiment",
  "producthierarchy_level3": "W5 Geschirrspülmittel",
  "producthierarchy_level4": "",
  "producthierarchy_level5": "",
  "producthierarchy_level6": "",
  "producthierarchy_level7": "",
  "currency": "Swiss franc",
  "file_name_1": "156211_1.jpg",
  "image_url_1": "https://sortiment.lidl.ch/media/catalog/product/cache/38c728e59b3a47950872534eff8a1e63/1/5/156211_Lemon_PSXX.jpg",
  "file_name_2": "156211_2.jpg",
  "image_url_2": "https://sortiment.lidl.ch/media/catalog/product/cache/38c728e59b3a47950872534eff8a1e63/1/5/156211_Original_PSXX.jpg"
},
{
  "_id": {
    "$oid": "66f3a4aed23ade1eec55fb7d"
  },
  "unique_id": "135360",
  "product_name": "Baby Lotion",
  "brand": "Lupilu",
  "regular_price": 3.79,
  "selling_price": 3.79,
  "price_per_unit": "pro 500ml | 100ML = 0.76 CHF",
  "breadcrumb": "Sortiment > Sortiment > Baby Lotion",
  "pdp_url": "https://sortiment.lidl.ch/de/baby-lotion-0135360",
  "product_description": "Artikelnr.: 135360",
  "producthierarchy_level1": "Sortiment",
  "producthierarchy_level2": "Sortiment",
  "producthierarchy_level3": "Baby Lotion",
  "producthierarchy_level4": "",
  "producthierarchy_level5": "",
  "producthierarchy_level6": "",
  "producthierarchy_level7": "",
  "currency": "Swiss franc",
  "file_name_1": "135360_1.jpg",
  "image_url_1": "https://sortiment.lidl.ch/media/catalog/product/cache/38c728e59b3a47950872534eff8a1e63/1/3/135360_PSXX.jpg"
},
{
  "_id": {
    "$oid": "66f3a4afd23ade1eec55fb7e"
  },
  "unique_id": "135051",
  "product_name": "Baby Pflegeöl",
  "brand": "Lupilu",
  "regular_price": 2.79,
  "selling_price": 2.79,
  "price_per_unit": "pro 300ml | 100ML = 0.93 CHF",
  "breadcrumb": "Sortiment > Sortiment > Baby Pflegeöl",
  "pdp_url": "https://sortiment.lidl.ch/de/baby-pflegeoel-0135051",
  "product_description": "Artikelnr.: 135051",
  "producthierarchy_level1": "Sortiment",
  "producthierarchy_level2": "Sortiment",
  "producthierarchy_level3": "Baby Pflegeöl",
  "producthierarchy_level4": "",
  "producthierarchy_level5": "",
  "producthierarchy_level6": "",
  "producthierarchy_level7": "",
  "currency": "Swiss franc",
  "file_name_1": "135051_1.jpg",
  "image_url_1": "https://sortiment.lidl.ch/media/catalog/product/cache/38c728e59b3a47950872534eff8a1e63/1/3/135051_blau_PSXX.jpg",
  "file_name_2": "135051_2.jpg",
  "image_url_2": "https://sortiment.lidl.ch/media/catalog/product/cache/38c728e59b3a47950872534eff8a1e63/1/3/135051_weiss_PSXX.jpg"
},
{
  "_id": {
    "$oid": "66f3a4b1d23ade1eec55fb7f"
  },
  "unique_id": "172788",
  "product_name": "Cellular & Straffung Gesichtscreme",
  "brand": "Cien",
  "regular_price": 4.99,
  "selling_price": 4.99,
  "price_per_unit": "pro 50ml | 100ML = 9.98 CHF",
  "breadcrumb": "Sortiment > Sortiment > Cellular & Straffung Gesichtscreme",
  "pdp_url": "https://sortiment.lidl.ch/de/cellular-straffung-gesichtscreme-0172788",
  "product_description": "Artikelnr.: 172788",
  "producthierarchy_level1": "Sortiment",
  "producthierarchy_level2": "Sortiment",
  "producthierarchy_level3": "Cellular & Straffung Gesichtscreme",
  "producthierarchy_level4": "",
  "producthierarchy_level5": "",
  "producthierarchy_level6": "",
  "producthierarchy_level7": "",
  "currency": "Swiss franc",
  "file_name_1": "172788_1.jpg",
  "image_url_1": "https://sortiment.lidl.ch/media/catalog/product/cache/38c728e59b3a47950872534eff8a1e63/1/7/172788_Day_PSXX.jpg",
  "file_name_2": "172788_2.jpg",
  "image_url_2": "https://sortiment.lidl.ch/media/catalog/product/cache/38c728e59b3a47950872534eff8a1e63/1/7/172788_Night_PSXX.jpg"
},
{
  "_id": {
    "$oid": "66f3a4b2d23ade1eec55fb80"
  },
  "unique_id": "167620",
  "product_name": "Celllular Augenkonturcreme",
  "brand": "Cien",
  "regular_price": 4.99,
  "selling_price": 4.99,
  "price_per_unit": "pro 15ml | 100ML = 33.27 CHF",
  "breadcrumb": "Sortiment > Sortiment > Celllular Augenkonturcreme",
  "pdp_url": "https://sortiment.lidl.ch/de/celllular-augenkonturcreme-0167620",
  "product_description": "Artikelnr.: 167620",
  "producthierarchy_level1": "Sortiment",
  "producthierarchy_level2": "Sortiment",
  "producthierarchy_level3": "Celllular Augenkonturcreme",
  "producthierarchy_level4": "",
  "producthierarchy_level5": "",
  "producthierarchy_level6": "",
  "producthierarchy_level7": "",
  "currency": "Swiss franc",
  "file_name_1": "167620_1.jpg",
  "image_url_1": "https://sortiment.lidl.ch/media/catalog/product/cache/38c728e59b3a47950872534eff8a1e63/1/6/167620_PSXX.jpg"
},
{
  "_id": {
    "$oid": "66f3a4b3d23ade1eec55fb81"
  },
  "unique_id": "158147",
  "product_name": "Nature Duschgel",
  "brand": "Cien Nature",
  "regular_price": 1.95,
  "selling_price": 1.95,
  "price_per_unit": "pro 250ml | 100ML = 0.78 CHF",
  "breadcrumb": "Sortiment > Sortiment > Nature Duschgel",
  "pdp_url": "https://sortiment.lidl.ch/de/nature-duschgel-0158147",
  "product_description": "Artikelnr.: 158147",
  "producthierarchy_level1": "Sortiment",
  "producthierarchy_level2": "Sortiment",
  "producthierarchy_level3": "Nature Duschgel",
  "producthierarchy_level4": "",
  "producthierarchy_level5": "",
  "producthierarchy_level6": "",
  "producthierarchy_level7": "",
  "currency": "Swiss franc",
  "file_name_1": "158147_1.jpg",
  "image_url_1": "https://sortiment.lidl.ch/media/catalog/product/cache/38c728e59b3a47950872534eff8a1e63/1/5/158147_Buckthorn_PSXX.jpg",
  "file_name_2": "158147_2.jpg",
  "image_url_2": "https://sortiment.lidl.ch/media/catalog/product/cache/38c728e59b3a47950872534eff8a1e63/1/5/158147_Citrus_PSXX.jpg"
},
{
  "_id": {
    "$oid": "66f3a4b4d23ade1eec55fb82"
  },
  "unique_id": "158153",
  "product_name": "Conditioner",
  "brand": "Cien Nature",
  "regular_price": 2.39,
  "selling_price": 2.39,
  "price_per_unit": "pro 200ml | 100ML = 1.20 CHF",
  "breadcrumb": "Sortiment > Sortiment > Conditioner",
  "pdp_url": "https://sortiment.lidl.ch/de/conditioner-0158153",
  "product_description": "Artikelnr.: 158153",
  "producthierarchy_level1": "Sortiment",
  "producthierarchy_level2": "Sortiment",
  "producthierarchy_level3": "Conditioner",
  "producthierarchy_level4": "",
  "producthierarchy_level5": "",
  "producthierarchy_level6": "",
  "producthierarchy_level7": "",
  "currency": "Swiss franc",
  "file_name_1": "158153_1.jpg",
  "image_url_1": "https://sortiment.lidl.ch/media/catalog/product/cache/38c728e59b3a47950872534eff8a1e63/1/5/158153_Aloe_PSXX.jpg",
  "file_name_2": "158153_2.jpg",
  "image_url_2": "https://sortiment.lidl.ch/media/catalog/product/cache/38c728e59b3a47950872534eff8a1e63/1/5/158153_Mandel_PSXX.jpg"
},
{
  "_id": {
    "$oid": "66f3a4b5d23ade1eec55fb83"
  },
  "unique_id": "126679",
  "product_name": "Premium Hundenassnahrung",
  "brand": "Orlando Gourmet",
  "regular_price": 0.75,
  "selling_price": 0.75,
  "price_per_unit": "pro 150g | 100g = 0.50 CHF",
  "breadcrumb": "Sortiment > Sortiment > Premium Hundenassnahrung",
  "pdp_url": "https://sortiment.lidl.ch/de/premium-hundenassnahrung-0126679",
  "product_description": "Artikelnr.: 126679",
  "producthierarchy_level1": "Sortiment",
  "producthierarchy_level2": "Sortiment",
  "producthierarchy_level3": "Premium Hundenassnahrung",
  "producthierarchy_level4": "",
  "producthierarchy_level5": "",
  "producthierarchy_level6": "",
  "producthierarchy_level7": "",
  "currency": "Swiss franc",
  "file_name_1": "126679_1.jpg",
  "image_url_1": "https://sortiment.lidl.ch/media/catalog/product/cache/38c728e59b3a47950872534eff8a1e63/1/2/126679_Kalb_PSXX.jpg",
  "file_name_2": "126679_2.jpg",
  "image_url_2": "https://sortiment.lidl.ch/media/catalog/product/cache/38c728e59b3a47950872534eff8a1e63/1/2/126679_LammReis_PSXX.jpg",
  "file_name_3": "126679_3.jpg",
  "image_url_3": "https://sortiment.lidl.ch/media/catalog/product/cache/38c728e59b3a47950872534eff8a1e63/1/2/126679_PouletErbsen_PSXX.jpg",
  "file_name_4": "126679_4.jpg",
  "image_url_4": "https://sortiment.lidl.ch/media/catalog/product/cache/38c728e59b3a47950872534eff8a1e63/1/2/126679_RindLeber_PSXX.jpg",
  "file_name_5": "126679_5.jpg",
  "image_url_5": "https://sortiment.lidl.ch/media/catalog/product/cache/38c728e59b3a47950872534eff8a1e63/1/2/126679_TruteReis_PSXX.jpg"
},
{
  "_id": {
    "$oid": "66f3a4b7d23ade1eec55fb84"
  },
  "unique_id": "5005754",
  "product_name": "Vendo Pufuleti mit Geschmack",
  "brand": "Vendo",
  "regular_price": 1.69,
  "selling_price": 1.69,
  "price_per_unit": "pro 85g | 100g = 1.99 CHF",
  "breadcrumb": "Sortiment > Sortiment > Vendo Pufuleti mit Geschmack",
  "pdp_url": "https://sortiment.lidl.ch/de/vendo-pufuleti-mit-geschmack-5005754",
  "product_description": "Artikelnr.: 5005754",
  "producthierarchy_level1": "Sortiment",
  "producthierarchy_level2": "Sortiment",
  "producthierarchy_level3": "Vendo Pufuleti mit Geschmack",
  "producthierarchy_level4": "",
  "producthierarchy_level5": "",
  "producthierarchy_level6": "",
  "producthierarchy_level7": "",
  "currency": "Swiss franc",
  "file_name_1": "5005754_1.jpg",
  "image_url_1": "https://sortiment.lidl.ch/media/catalog/product/cache/38c728e59b3a47950872534eff8a1e63/5/0/5005754_Kaese_PSXX.jpg",
  "file_name_2": "5005754_2.jpg",
  "image_url_2": "https://sortiment.lidl.ch/media/catalog/product/cache/38c728e59b3a47950872534eff8a1e63/5/0/5005754_Paprika_PSXX.jpg"
},
{
  "_id": {
    "$oid": "66f3a4b8d23ade1eec55fb85"
  },
  "unique_id": "6001161",
  "product_name": "Risotto",
  "brand": "Kania",
  "regular_price": 1.29,
  "selling_price": 1.29,
  "price_per_unit": "pro 175g | 100g = 0.74 CHF",
  "breadcrumb": "Sortiment > Sortiment > Risotto",
  "pdp_url": "https://sortiment.lidl.ch/de/risotto-6001161",
  "product_description": "Artikelnr.: 6001161",
  "producthierarchy_level1": "Sortiment",
  "producthierarchy_level2": "Sortiment",
  "producthierarchy_level3": "Risotto",
  "producthierarchy_level4": "",
  "producthierarchy_level5": "",
  "producthierarchy_level6": "",
  "producthierarchy_level7": "",
  "currency": "Swiss franc",
  "file_name_1": "6001161_1.jpg",
  "image_url_1": "https://sortiment.lidl.ch/media/catalog/product/cache/38c728e59b3a47950872534eff8a1e63/6/0/6001161_Kaese_PSXX.jpg",
  "file_name_2": "6001161_2.jpg",
  "image_url_2": "https://sortiment.lidl.ch/media/catalog/product/cache/38c728e59b3a47950872534eff8a1e63/6/0/6001161_Pilze_PSXX.jpg",
  "file_name_3": "6001161_3.jpg",
  "image_url_3": "https://sortiment.lidl.ch/media/catalog/product/cache/38c728e59b3a47950872534eff8a1e63/6/0/6001161_Spargel_PSXX.jpg"
},
{
  "_id": {
    "$oid": "66f3a4b9d23ade1eec55fb86"
  },
  "unique_id": "6000120",
  "product_name": "Polenta fein",
  "brand": "Belbake",
  "regular_price": 0.89,
  "selling_price": 0.89,
  "price_per_unit": "pro 500g | 100g = 0.18 CHF",
  "breadcrumb": "Sortiment > Sortiment > Polenta fein",
  "pdp_url": "https://sortiment.lidl.ch/de/polenta-fein-6000120",
  "product_description": "Artikelnr.: 6000120",
  "producthierarchy_level1": "Sortiment",
  "producthierarchy_level2": "Sortiment",
  "producthierarchy_level3": "Polenta fein",
  "producthierarchy_level4": "",
  "producthierarchy_level5": "",
  "producthierarchy_level6": "",
  "producthierarchy_level7": "",
  "currency": "Swiss franc",
  "file_name_1": "6000120_1.jpg",
  "image_url_1": "https://sortiment.lidl.ch/media/catalog/product/cache/38c728e59b3a47950872534eff8a1e63/6/0/6000120_PSXX_3.jpg"
},
{
  "_id": {
    "$oid": "66f3a4bad23ade1eec55fb87"
  },
  "unique_id": "174803",
  "product_name": "Grüntee",
  "brand": "Lord Nelson",
  "regular_price": 0.95,
  "selling_price": 0.95,
  "price_per_unit": "pro 50x1,7g | 100g = 1.12 CHF",
  "breadcrumb": "Sortiment > Sortiment > Grüntee",
  "pdp_url": "https://sortiment.lidl.ch/de/gruentee-0174803",
  "product_description": "Artikelnr.: 174803",
  "producthierarchy_level1": "Sortiment",
  "producthierarchy_level2": "Sortiment",
  "producthierarchy_level3": "Grüntee",
  "producthierarchy_level4": "",
  "producthierarchy_level5": "",
  "producthierarchy_level6": "",
  "producthierarchy_level7": "",
  "currency": "Swiss franc",
  "file_name_1": "174803_1.jpg",
  "image_url_1": "https://sortiment.lidl.ch/media/catalog/product/cache/38c728e59b3a47950872534eff8a1e63/1/7/174803_PSXX.jpg"
},
{
  "_id": {
    "$oid": "66f3a4bbd23ade1eec55fb88"
  },
  "unique_id": "5109984",
  "product_name": "Bio Kaffeekapseln Lungo Leggero",
  "brand": "Bellarom",
  "regular_price": 5.99,
  "selling_price": 5.99,
  "price_per_unit": "pro 24 Stück | 100g = 24.96, 4.16 CHF",
  "breadcrumb": "Sortiment > Sortiment > Bio Kaffeekapseln Lungo Leggero",
  "pdp_url": "https://sortiment.lidl.ch/de/bio-kaffeekapseln-lungo-leggero-5109984",
  "product_description": "Artikelnr.: 5109984",
  "producthierarchy_level1": "Sortiment",
  "producthierarchy_level2": "Sortiment",
  "producthierarchy_level3": "Bio Kaffeekapseln Lungo Leggero",
  "producthierarchy_level4": "",
  "producthierarchy_level5": "",
  "producthierarchy_level6": "",
  "producthierarchy_level7": "",
  "currency": "Swiss franc",
  "file_name_1": "5109984_1.jpg",
  "image_url_1": "https://sortiment.lidl.ch/media/catalog/product/cache/38c728e59b3a47950872534eff8a1e63/5/1/5109984_PSXX.jpg"
},
{
  "_id": {
    "$oid": "66f3a4bcd23ade1eec55fb89"
  },
  "unique_id": "5110467",
  "product_name": "Ruchbrot",
  "brand": "",
  "regular_price": 1.15,
  "selling_price": 1.15,
  "price_per_unit": "pro 500g | 100g = 0.23 CHF",
  "breadcrumb": "Sortiment > Sortiment > Ruchbrot",
  "pdp_url": "https://sortiment.lidl.ch/de/ruchbrot-5110467",
  "product_description": "Artikelnr.: 5110467 Weizenbrot. Zutaten: 59% Ruchmehl ( Weizenmehl , Weizenkleber , Gerstenmalzmehl ), Wasser, Speisesalz, Backhefe, Weizenprotein , Malz ( Gerste, Weizen ), Acerolafruchtpulver (auf Trägerstoff Maltodextrin), Zucker, Mehlbehandlungsmittel: Ascorbinsäure, Konservierungsstoff: Calciumacetat. Kann Spuren von Ei, Erdnüsse, Soja, Milch, Schalenfrüchte (Nüsse), Sellerie, Senf, Sesam und Sulfiten enthalten. Hergestellt in der Schweiz.",
  "producthierarchy_level1": "Sortiment",
  "producthierarchy_level2": "Sortiment",
  "producthierarchy_level3": "Ruchbrot",
  "producthierarchy_level4": "",
  "producthierarchy_level5": "",
  "producthierarchy_level6": "",
  "producthierarchy_level7": "",
  "currency": "Swiss franc",
  "file_name_1": "5110467_1.jpg",
  "image_url_1": "https://sortiment.lidl.ch/media/catalog/product/cache/38c728e59b3a47950872534eff8a1e63/5/1/5110467_FKBF.jpg"
},
{
  "_id": {
    "$oid": "66f3a4bed23ade1eec55fb8a"
  },
  "unique_id": "151178",
  "product_name": "Pizzateig",
  "brand": "Chef Select & You",
  "regular_price": 1.99,
  "selling_price": 1.99,
  "price_per_unit": "pro 400g, 550g | 100g = 0.50, 0.37 CHF",
  "breadcrumb": "Sortiment > Sortiment > Pizzateig",
  "pdp_url": "https://sortiment.lidl.ch/de/pizzateig-0151178",
  "product_description": "Artikelnr.: 151178",
  "producthierarchy_level1": "Sortiment",
  "producthierarchy_level2": "Sortiment",
  "producthierarchy_level3": "Pizzateig",
  "producthierarchy_level4": "",
  "producthierarchy_level5": "",
  "producthierarchy_level6": "",
  "producthierarchy_level7": "",
  "currency": "Swiss franc",
  "file_name_1": "151178_1.jpg",
  "image_url_1": "https://sortiment.lidl.ch/media/catalog/product/cache/38c728e59b3a47950872534eff8a1e63/1/5/151178_Dinkelweizenvollkorn_PSXX.jpg",
  "file_name_2": "151178_2.jpg",
  "image_url_2": "https://sortiment.lidl.ch/media/catalog/product/cache/38c728e59b3a47950872534eff8a1e63/1/5/151178_Eckig_PSXX.jpg",
  "file_name_3": "151178_3.jpg",
  "image_url_3": "https://sortiment.lidl.ch/media/catalog/product/cache/38c728e59b3a47950872534eff8a1e63/1/5/151178_Rund_PSXX.jpg"
},
{
  "_id": {
    "$oid": "66f3a4bfd23ade1eec55fb8b"
  },
  "unique_id": "151165",
  "product_name": "Dinkelkuchenteig",
  "brand": "Chef Select & You",
  "regular_price": 1.49,
  "selling_price": 1.49,
  "price_per_unit": "pro 250g | 100g = 0.60 CHF",
  "breadcrumb": "Sortiment > Sortiment > Dinkelkuchenteig",
  "pdp_url": "https://sortiment.lidl.ch/de/dinkelkuchenteig-0151165",
  "product_description": "Artikelnr.: 151165",
  "producthierarchy_level1": "Sortiment",
  "producthierarchy_level2": "Sortiment",
  "producthierarchy_level3": "Dinkelkuchenteig",
  "producthierarchy_level4": "",
  "producthierarchy_level5": "",
  "producthierarchy_level6": "",
  "producthierarchy_level7": "",
  "currency": "Swiss franc",
  "file_name_1": "151165_1.jpg",
  "image_url_1": "https://sortiment.lidl.ch/media/catalog/product/cache/38c728e59b3a47950872534eff8a1e63/1/5/151165_PSXX.jpg"
},
{
  "_id": {
    "$oid": "66f3a4c1d23ade1eec55fb8c"
  },
  "unique_id": "5110867",
  "product_name": "Nestlé BEBA Optipro PRE/1 Anfangsmilchen",
  "brand": "Nestlé",
  "regular_price": 25.95,
  "selling_price": 25.95,
  "price_per_unit": "pro 800g | 100g = 3.25 CHF",
  "breadcrumb": "Sortiment > Sortiment > Nestlé BEBA Optipro PRE/1 Anfangsmilchen",
  "pdp_url": "https://sortiment.lidl.ch/de/nestle-beba-optipro-pre-1-anfangsmilchen-5110867",
  "product_description": "Artikelnr.: 5110867",
  "producthierarchy_level1": "Sortiment",
  "producthierarchy_level2": "Sortiment",
  "producthierarchy_level3": "Nestlé BEBA Optipro PRE/1 Anfangsmilchen",
  "producthierarchy_level4": "",
  "producthierarchy_level5": "",
  "producthierarchy_level6": "",
  "producthierarchy_level7": "",
  "currency": "Swiss franc",
  "file_name_1": "5110867_1.jpg",
  "image_url_1": "https://sortiment.lidl.ch/media/catalog/product/cache/38c728e59b3a47950872534eff8a1e63/5/1/5110867_BEBA_OPTIPRO_1_PSXX.jpg",
  "file_name_2": "5110867_2.jpg",
  "image_url_2": "https://sortiment.lidl.ch/media/catalog/product/cache/38c728e59b3a47950872534eff8a1e63/5/1/5110867_BEBA_OPTIPRO_PRE_PSXX.jpg"
},
{
  "_id": {
    "$oid": "66f3a4c2d23ade1eec55fb8d"
  },
  "unique_id": "5110871",
  "product_name": "Nestlé BEBA Optipro 2 / 3 Folgemilchen",
  "brand": "Nestlé",
  "regular_price": 26.95,
  "selling_price": 26.95,
  "price_per_unit": "pro 800g | 100g = 3.37 CHF",
  "breadcrumb": "Sortiment > Sortiment > Nestlé BEBA Optipro 2 / 3 Folgemilchen",
  "pdp_url": "https://sortiment.lidl.ch/de/nestle-beba-optipro-2-3-folgemilchen-5110871",
  "product_description": "Artikelnr.: 5110871",
  "producthierarchy_level1": "Sortiment",
  "producthierarchy_level2": "Sortiment",
  "producthierarchy_level3": "Nestlé BEBA Optipro 2 / 3 Folgemilchen",
  "producthierarchy_level4": "",
  "producthierarchy_level5": "",
  "producthierarchy_level6": "",
  "producthierarchy_level7": "",
  "currency": "Swiss franc",
  "file_name_1": "5110871_1.jpg",
  "image_url_1": "https://sortiment.lidl.ch/media/catalog/product/cache/38c728e59b3a47950872534eff8a1e63/5/1/5110871_optipro2_PSXX.jpg",
  "file_name_2": "5110871_2.jpg",
  "image_url_2": "https://sortiment.lidl.ch/media/catalog/product/cache/38c728e59b3a47950872534eff8a1e63/5/1/5110871_optipro3_PSXX.jpg"
},
{
  "_id": {
    "$oid": "66f3a4c4d23ade1eec55fb8e"
  },
  "unique_id": "5110468",
  "product_name": "Buurebrot",
  "brand": "",
  "regular_price": 2.59,
  "selling_price": 2.59,
  "price_per_unit": "pro 430g | 100g = 0.61 CHF",
  "breadcrumb": "Sortiment > Sortiment > Buurebrot",
  "pdp_url": "https://sortiment.lidl.ch/de/buurebrot-5110468",
  "product_description": "Artikelnr.: 5110468 Weizenmischbrot mit Roggenmehl.  Zutaten: 51% Weizenmehl , Wasser, 14% Roggenmehl, Speisesalz jodiert, Backhefe, Rapsöl, Milchserumpulver , Weizengluten , Buttermilchpulver , Traubenzucker, Verdickungsmittel: Guarkernmehl, Emulgator: Diacetylweinsäureester von Mono- und Diglyceriden von Speisefettsäuren, Gerstenmalzmehl , Mehlbehandlungsmittel: Ascorbinsäure, Enzyme. Kann Spuren von Eiern, Erdnüssen, Soja, Schalenfrüchte (Nüsse), Sellerie, Senf, Sesam und Sulfiten enthalten. Hergestellt in  der Schweiz.",
  "producthierarchy_level1": "Sortiment",
  "producthierarchy_level2": "Sortiment",
  "producthierarchy_level3": "Buurebrot",
  "producthierarchy_level4": "",
  "producthierarchy_level5": "",
  "producthierarchy_level6": "",
  "producthierarchy_level7": "",
  "currency": "Swiss franc",
  "file_name_1": "5110468_1.jpg",
  "image_url_1": "https://sortiment.lidl.ch/media/catalog/product/cache/38c728e59b3a47950872534eff8a1e63/5/1/5110468_FKBF.jpg"
},
{
  "_id": {
    "$oid": "66f3a4c5d23ade1eec55fb8f"
  },
  "unique_id": "5110787",
  "product_name": "Bio Hüttenkäse laktosefrei",
  "brand": "Milbona",
  "regular_price": 1.99,
  "selling_price": 1.99,
  "price_per_unit": "pro 200g | 100g = 1.00 CHF",
  "breadcrumb": "Sortiment > Sortiment > Bio Hüttenkäse laktosefrei",
  "pdp_url": "https://sortiment.lidl.ch/de/bio-huettenkaese-laktosefrei-5110787",
  "product_description": "Artikelnr.: 5110787",
  "producthierarchy_level1": "Sortiment",
  "producthierarchy_level2": "Sortiment",
  "producthierarchy_level3": "Bio Hüttenkäse laktosefrei",
  "producthierarchy_level4": "",
  "producthierarchy_level5": "",
  "producthierarchy_level6": "",
  "producthierarchy_level7": "",
  "currency": "Swiss franc",
  "file_name_1": "5110787_1.jpg",
  "image_url_1": "https://sortiment.lidl.ch/media/catalog/product/cache/38c728e59b3a47950872534eff8a1e63/5/1/5110787_PSXX.jpg",
  "file_name_2": "5110787_2.jpg",
  "image_url_2": "https://sortiment.lidl.ch/media/catalog/product/cache/38c728e59b3a47950872534eff8a1e63/5/1/5110787_front_PSXX.jpg"
},
{
  "_id": {
    "$oid": "66f3a4c6d23ade1eec55fb90"
  },
  "unique_id": "83377",
  "product_name": "Schalotten 500g",
  "brand": "Terra Natura",
  "regular_price": 1.65,
  "selling_price": 1.65,
  "price_per_unit": "pro 500g | 1Kg = 3.30 CHF",
  "breadcrumb": "Sortiment > Sortiment > Schalotten 500g",
  "pdp_url": "https://sortiment.lidl.ch/de/schalotten-500g-0083377",
  "product_description": "Artikelnr.: 83377",
  "producthierarchy_level1": "Sortiment",
  "producthierarchy_level2": "Sortiment",
  "producthierarchy_level3": "Schalotten 500g",
  "producthierarchy_level4": "",
  "producthierarchy_level5": "",
  "producthierarchy_level6": "",
  "producthierarchy_level7": "",
  "currency": "Swiss franc",
  "file_name_1": "83377_1.jpg",
  "image_url_1": "https://sortiment.lidl.ch/media/catalog/product/cache/38c728e59b3a47950872534eff8a1e63/8/3/83377_OGFG.jpg"
},
{
  "_id": {
    "$oid": "66f3a4c7d23ade1eec55fb91"
  },
  "unique_id": "5101509",
  "product_name": "Rahmquark",
  "brand": "Milbona",
  "regular_price": 1.49,
  "selling_price": 1.49,
  "price_per_unit": "pro 250g | 100g = 0.60 CHF",
  "breadcrumb": "Sortiment > Sortiment > Rahmquark",
  "pdp_url": "https://sortiment.lidl.ch/de/rahmquark-5101509",
  "product_description": "Artikelnr.: 5101509",
  "producthierarchy_level1": "Sortiment",
  "producthierarchy_level2": "Sortiment",
  "producthierarchy_level3": "Rahmquark",
  "producthierarchy_level4": "",
  "producthierarchy_level5": "",
  "producthierarchy_level6": "",
  "producthierarchy_level7": "",
  "currency": "Swiss franc",
  "file_name_1": "5101509_1.jpg",
  "image_url_1": "https://sortiment.lidl.ch/media/catalog/product/cache/38c728e59b3a47950872534eff8a1e63/5/1/5101509_PSXX.jpg"
},
{
  "_id": {
    "$oid": "66f3a4c8d23ade1eec55fb92"
  },
  "unique_id": "5110800",
  "product_name": "Bio Schweizer Reibkäse",
  "brand": "Fromani",
  "regular_price": 4.49,
  "selling_price": 4.49,
  "price_per_unit": "pro 250g | 100g = 1.80 CHF",
  "breadcrumb": "Sortiment > Sortiment > Bio Schweizer Reibkäse",
  "pdp_url": "https://sortiment.lidl.ch/de/bio-schweizer-reibkaese-5110800",
  "product_description": "Artikelnr.: 5110800",
  "producthierarchy_level1": "Sortiment",
  "producthierarchy_level2": "Sortiment",
  "producthierarchy_level3": "Bio Schweizer Reibkäse",
  "producthierarchy_level4": "",
  "producthierarchy_level5": "",
  "producthierarchy_level6": "",
  "producthierarchy_level7": "",
  "currency": "Swiss franc",
  "file_name_1": "5110800_1.jpg",
  "image_url_1": "https://sortiment.lidl.ch/media/catalog/product/cache/38c728e59b3a47950872534eff8a1e63/5/1/5110800_PSXX.jpg"
},
{
  "_id": {
    "$oid": "66f3a4cad23ade1eec55fb93"
  },
  "unique_id": "5110776",
  "product_name": "Bio Tomme de Romandie",
  "brand": "Fromani typisch",
  "regular_price": 3.39,
  "selling_price": 3.39,
  "price_per_unit": "pro 150g | 100g = 2.26 CHF",
  "breadcrumb": "Sortiment > Sortiment > Bio Tomme de Romandie",
  "pdp_url": "https://sortiment.lidl.ch/de/bio-tomme-de-romandie-5110776",
  "product_description": "Artikelnr.: 5110776",
  "producthierarchy_level1": "Sortiment",
  "producthierarchy_level2": "Sortiment",
  "producthierarchy_level3": "Bio Tomme de Romandie",
  "producthierarchy_level4": "",
  "producthierarchy_level5": "",
  "producthierarchy_level6": "",
  "producthierarchy_level7": "",
  "currency": "Swiss franc",
  "file_name_1": "5110776_1.jpg",
  "image_url_1": "https://sortiment.lidl.ch/media/catalog/product/cache/38c728e59b3a47950872534eff8a1e63/5/1/5110776_PSXX.jpg"
},
{
  "_id": {
    "$oid": "66f3a4ccd23ade1eec55fb94"
  },
  "unique_id": "5110677",
  "product_name": "Schweizer grüne Bohnen",
  "brand": "Freshona",
  "regular_price": 3.85,
  "selling_price": 3.85,
  "price_per_unit": "pro 1000g",
  "breadcrumb": "Sortiment > Sortiment > Schweizer grüne Bohnen",
  "pdp_url": "https://sortiment.lidl.ch/de/schweizer-gruene-bohnen-5110677",
  "product_description": "Artikelnr.: 5110677",
  "producthierarchy_level1": "Sortiment",
  "producthierarchy_level2": "Sortiment",
  "producthierarchy_level3": "Schweizer grüne Bohnen",
  "producthierarchy_level4": "",
  "producthierarchy_level5": "",
  "producthierarchy_level6": "",
  "producthierarchy_level7": "",
  "currency": "Swiss franc",
  "file_name_1": "5110677_1.jpg",
  "image_url_1": "https://sortiment.lidl.ch/media/catalog/product/cache/38c728e59b3a47950872534eff8a1e63/5/1/5110677_PSXX.jpg"
},
{
  "_id": {
    "$oid": "66f3a4cdd23ade1eec55fb95"
  },
  "unique_id": "126584",
  "product_name": "Vollmilch schokolade",
  "brand": "Fin Carré",
  "regular_price": 1.75,
  "selling_price": 1.75,
  "price_per_unit": "pro 300g | 100g = 0.59 CHF",
  "breadcrumb": "Sortiment > Sortiment > Vollmilch schokolade",
  "pdp_url": "https://sortiment.lidl.ch/de/vollmilch-schokolade-0126584",
  "product_description": "Artikelnr.: 126584",
  "producthierarchy_level1": "Sortiment",
  "producthierarchy_level2": "Sortiment",
  "producthierarchy_level3": "Vollmilch schokolade",
  "producthierarchy_level4": "",
  "producthierarchy_level5": "",
  "producthierarchy_level6": "",
  "producthierarchy_level7": "",
  "currency": "Swiss franc",
  "file_name_1": "126584_1.jpg",
  "image_url_1": "https://sortiment.lidl.ch/media/catalog/product/cache/38c728e59b3a47950872534eff8a1e63/1/2/126584_PSXX.jpg"
},
{
  "_id": {
    "$oid": "66f3a4ced23ade1eec55fb96"
  },
  "unique_id": "165471",
  "product_name": "Edelschokolade 90%",
  "brand": "J.D. Gross",
  "regular_price": 2.39,
  "selling_price": 2.39,
  "price_per_unit": "pro 125g | 100g = 1.92 CHF",
  "breadcrumb": "Sortiment > Sortiment > Edelschokolade 90%",
  "pdp_url": "https://sortiment.lidl.ch/de/edelschokolade-90-0165471",
  "product_description": "Artikelnr.: 165471",
  "producthierarchy_level1": "Sortiment",
  "producthierarchy_level2": "Sortiment",
  "producthierarchy_level3": "Edelschokolade 90%",
  "producthierarchy_level4": "",
  "producthierarchy_level5": "",
  "producthierarchy_level6": "",
  "producthierarchy_level7": "",
  "currency": "Swiss franc",
  "file_name_1": "165471_1.jpg",
  "image_url_1": "https://sortiment.lidl.ch/media/catalog/product/cache/38c728e59b3a47950872534eff8a1e63/1/6/165471_60_PSXX.jpg",
  "file_name_2": "165471_2.jpg",
  "image_url_2": "https://sortiment.lidl.ch/media/catalog/product/cache/38c728e59b3a47950872534eff8a1e63/1/6/165471_70_PSXX.jpg",
  "file_name_3": "165471_3.jpg",
  "image_url_3": "https://sortiment.lidl.ch/media/catalog/product/cache/38c728e59b3a47950872534eff8a1e63/1/6/165471_85_PSXX.jpg",
  "file_name_4": "165471_4.jpg",
  "image_url_4": "https://sortiment.lidl.ch/media/catalog/product/cache/38c728e59b3a47950872534eff8a1e63/1/6/165471_90_PSXX.jpg"
},
{
  "_id": {
    "$oid": "66f3a4cfd23ade1eec55fb97"
  },
  "unique_id": "130935",
  "product_name": "Zinfandel",
  "brand": "Cimarosa",
  "regular_price": 6.99,
  "selling_price": 6.99,
  "price_per_unit": "pro 0,75l | 1L = 9.32 CHF",
  "breadcrumb": "Sortiment > Sortiment > Zinfandel",
  "pdp_url": "https://sortiment.lidl.ch/de/zinfandel-0130935",
  "product_description": "Artikelnr.: 130935",
  "producthierarchy_level1": "Sortiment",
  "producthierarchy_level2": "Sortiment",
  "producthierarchy_level3": "Zinfandel",
  "producthierarchy_level4": "",
  "producthierarchy_level5": "",
  "producthierarchy_level6": "",
  "producthierarchy_level7": "",
  "currency": "Swiss franc",
  "file_name_1": "130935_1.jpg",
  "image_url_1": "https://sortiment.lidl.ch/media/catalog/product/cache/38c728e59b3a47950872534eff8a1e63/1/3/130935_PSWE.jpg"
},
{
  "_id": {
    "$oid": "66f3a4d0d23ade1eec55fb98"
  },
  "unique_id": "162401",
  "product_name": "Bio Dinkel Fusilli / Penne",
  "brand": "Combino",
  "regular_price": 1.79,
  "selling_price": 1.79,
  "price_per_unit": "pro 500g | 100g = 0.36 CHF",
  "breadcrumb": "Sortiment > Sortiment > Bio Dinkel Fusilli / Penne",
  "pdp_url": "https://sortiment.lidl.ch/de/bio-dinkel-fusilli-penne-0162401",
  "product_description": "Artikelnr.: 162401",
  "producthierarchy_level1": "Sortiment",
  "producthierarchy_level2": "Sortiment",
  "producthierarchy_level3": "Bio Dinkel Fusilli / Penne",
  "producthierarchy_level4": "",
  "producthierarchy_level5": "",
  "producthierarchy_level6": "",
  "producthierarchy_level7": "",
  "currency": "Swiss franc",
  "file_name_1": "162401_1.jpg",
  "image_url_1": "https://sortiment.lidl.ch/media/catalog/product/cache/38c728e59b3a47950872534eff8a1e63/1/6/162401_Fusili_PSXX.jpg",
  "file_name_2": "162401_2.jpg",
  "image_url_2": "https://sortiment.lidl.ch/media/catalog/product/cache/38c728e59b3a47950872534eff8a1e63/1/6/162401_Fusilli_PSXX.jpg",
  "file_name_3": "162401_3.jpg",
  "image_url_3": "https://sortiment.lidl.ch/media/catalog/product/cache/38c728e59b3a47950872534eff8a1e63/1/6/162401_Penne_PSXX.jpg"
},
{
  "_id": {
    "$oid": "66f3a4d2d23ade1eec55fb99"
  },
  "unique_id": "5110682",
  "product_name": "Schweizer Kaisergemüse",
  "brand": "Freshona",
  "regular_price": 4.59,
  "selling_price": 4.59,
  "price_per_unit": "pro 1000g",
  "breadcrumb": "Sortiment > Sortiment > Schweizer Kaisergemüse",
  "pdp_url": "https://sortiment.lidl.ch/de/schweizer-kaisergemuese-5110682",
  "product_description": "Artikelnr.: 5110682",
  "producthierarchy_level1": "Sortiment",
  "producthierarchy_level2": "Sortiment",
  "producthierarchy_level3": "Schweizer Kaisergemüse",
  "producthierarchy_level4": "",
  "producthierarchy_level5": "",
  "producthierarchy_level6": "",
  "producthierarchy_level7": "",
  "currency": "Swiss franc",
  "file_name_1": "5110682_1.jpg",
  "image_url_1": "https://sortiment.lidl.ch/media/catalog/product/cache/38c728e59b3a47950872534eff8a1e63/5/1/5110682_PSXX.jpg"
},
{
  "_id": {
    "$oid": "66f3a4d3d23ade1eec55fb9a"
  },
  "unique_id": "166174",
  "product_name": "Bio Erdnüsse in der Schale",
  "brand": "Alesto",
  "regular_price": 1.99,
  "selling_price": 1.99,
  "price_per_unit": "pro 250g | 100g = 0.80 CHF",
  "breadcrumb": "Sortiment > Sortiment > Bio Erdnüsse in der Schale",
  "pdp_url": "https://sortiment.lidl.ch/de/bio-erdnuesse-in-der-schale-0166174",
  "product_description": "Artikelnr.: 166174",
  "producthierarchy_level1": "Sortiment",
  "producthierarchy_level2": "Sortiment",
  "producthierarchy_level3": "Bio Erdnüsse in der Schale",
  "producthierarchy_level4": "",
  "producthierarchy_level5": "",
  "producthierarchy_level6": "",
  "producthierarchy_level7": "",
  "currency": "Swiss franc",
  "file_name_1": "166174_1.jpg",
  "image_url_1": "https://sortiment.lidl.ch/media/catalog/product/cache/38c728e59b3a47950872534eff8a1e63/1/6/166174_PSXX.jpg"
},
{
  "_id": {
    "$oid": "66f3a4d4d23ade1eec55fb9b"
  },
  "unique_id": "165582",
  "product_name": "Linsenchips",
  "brand": "Snack Day",
  "regular_price": 1.59,
  "selling_price": 1.59,
  "price_per_unit": "pro 90g | 100g = 1.77 CHF",
  "breadcrumb": "Sortiment > Sortiment > Linsenchips",
  "pdp_url": "https://sortiment.lidl.ch/de/linsenchips-0165582",
  "product_description": "Artikelnr.: 165582",
  "producthierarchy_level1": "Sortiment",
  "producthierarchy_level2": "Sortiment",
  "producthierarchy_level3": "Linsenchips",
  "producthierarchy_level4": "",
  "producthierarchy_level5": "",
  "producthierarchy_level6": "",
  "producthierarchy_level7": "",
  "currency": "Swiss franc",
  "file_name_1": "165582_1.jpg",
  "image_url_1": "https://sortiment.lidl.ch/media/catalog/product/cache/38c728e59b3a47950872534eff8a1e63/1/6/165582_Paprika_PSXX.jpg",
  "file_name_2": "165582_2.jpg",
  "image_url_2": "https://sortiment.lidl.ch/media/catalog/product/cache/38c728e59b3a47950872534eff8a1e63/1/6/165582_SourCream_Onion_PSXX.jpg"
},
{
  "_id": {
    "$oid": "66f3a4d5d23ade1eec55fb9c"
  },
  "unique_id": "5110939",
  "product_name": "Lotus Biscoff Caramelbiscuit",
  "brand": "Lotus",
  "regular_price": 3.95,
  "selling_price": 3.95,
  "price_per_unit": "pro 3x125g | 100g = 1.06 CHF",
  "breadcrumb": "Sortiment > Sortiment > Lotus Biscoff Caramelbiscuit",
  "pdp_url": "https://sortiment.lidl.ch/de/lotus-biscoff-caramelbiscuit-5110939",
  "product_description": "Artikelnr.: 5110939",
  "producthierarchy_level1": "Sortiment",
  "producthierarchy_level2": "Sortiment",
  "producthierarchy_level3": "Lotus Biscoff Caramelbiscuit",
  "producthierarchy_level4": "",
  "producthierarchy_level5": "",
  "producthierarchy_level6": "",
  "producthierarchy_level7": "",
  "currency": "Swiss franc",
  "file_name_1": "5110939_1.jpg",
  "image_url_1": "https://sortiment.lidl.ch/media/catalog/product/cache/38c728e59b3a47950872534eff8a1e63/5/1/5110939_PSXX.jpg"
},
{
  "_id": {
    "$oid": "66f3a4d6d23ade1eec55fb9d"
  },
  "unique_id": "5111010",
  "product_name": "Johnny Walker Red Label",
  "brand": "",
  "regular_price": 19.89,
  "selling_price": 19.89,
  "price_per_unit": "pro 0,7l | 1L = 28.42 CHF",
  "breadcrumb": "Sortiment > Sortiment > Johnny Walker Red Label",
  "pdp_url": "https://sortiment.lidl.ch/de/johnny-walker-red-label-5111010",
  "product_description": "Artikelnr.: 5111010",
  "producthierarchy_level1": "Sortiment",
  "producthierarchy_level2": "Sortiment",
  "producthierarchy_level3": "Johnny Walker Red Label",
  "producthierarchy_level4": "",
  "producthierarchy_level5": "",
  "producthierarchy_level6": "",
  "producthierarchy_level7": "",
  "currency": "Swiss franc",
  "file_name_1": "5111010_1.jpg",
  "image_url_1": "https://sortiment.lidl.ch/media/catalog/product/cache/38c728e59b3a47950872534eff8a1e63/5/1/5111010_PSXX.jpg"
},
{
  "_id": {
    "$oid": "66f3a4d7d23ade1eec55fb9e"
  },
  "unique_id": "124364",
  "product_name": "Bio Dinkelmehl",
  "brand": "Belbake",
  "regular_price": 2.99,
  "selling_price": 2.99,
  "price_per_unit": "pro 1kg",
  "breadcrumb": "Sortiment > Sortiment > Bio Dinkelmehl",
  "pdp_url": "https://sortiment.lidl.ch/de/bio-dinkelmehl-0124364",
  "product_description": "Artikelnr.: 124364",
  "producthierarchy_level1": "Sortiment",
  "producthierarchy_level2": "Sortiment",
  "producthierarchy_level3": "Bio Dinkelmehl",
  "producthierarchy_level4": "",
  "producthierarchy_level5": "",
  "producthierarchy_level6": "",
  "producthierarchy_level7": "",
  "currency": "Swiss franc",
  "file_name_1": "124364_1.jpg",
  "image_url_1": "https://sortiment.lidl.ch/media/catalog/product/cache/38c728e59b3a47950872534eff8a1e63/1/2/124364_Dinkel_PSXX.jpg",
  "file_name_2": "124364_2.jpg",
  "image_url_2": "https://sortiment.lidl.ch/media/catalog/product/cache/38c728e59b3a47950872534eff8a1e63/1/2/124364_Dinkelvollkorn_PSXX.jpg"
},
{
  "_id": {
    "$oid": "66f3a4d9d23ade1eec55fb9f"
  },
  "unique_id": "5110774",
  "product_name": "Emmi Luzerner Rahmkäse",
  "brand": "Emmi",
  "regular_price": 6.95,
  "selling_price": 6.95,
  "price_per_unit": "pro 250g | 100g = 2.78 CHF",
  "breadcrumb": "Sortiment > Sortiment > Emmi Luzerner Rahmkäse",
  "pdp_url": "https://sortiment.lidl.ch/de/emmi-luzerner-rahmkaese-5110774",
  "product_description": "Artikelnr.: 5110774",
  "producthierarchy_level1": "Sortiment",
  "producthierarchy_level2": "Sortiment",
  "producthierarchy_level3": "Emmi Luzerner Rahmkäse",
  "producthierarchy_level4": "",
  "producthierarchy_level5": "",
  "producthierarchy_level6": "",
  "producthierarchy_level7": "",
  "currency": "Swiss franc",
  "file_name_1": "5110774_1.jpg",
  "image_url_1": "https://sortiment.lidl.ch/media/catalog/product/cache/38c728e59b3a47950872534eff8a1e63/5/1/5110774_PSXX.jpg"
},
{
  "_id": {
    "$oid": "66f3a4dad23ade1eec55fba0"
  },
  "unique_id": "8703",
  "product_name": "Purina One Katzentrockenfutter",
  "brand": "Purina One",
  "regular_price": 7.89,
  "selling_price": 7.89,
  "price_per_unit": "pro 800g | 100g = 0.99 CHF",
  "breadcrumb": "Sortiment > Sortiment > Purina One Katzentrockenfutter",
  "pdp_url": "https://sortiment.lidl.ch/de/purina-one-katzentrockenfutter-0008703",
  "product_description": "Artikelnr.: 8703",
  "producthierarchy_level1": "Sortiment",
  "producthierarchy_level2": "Sortiment",
  "producthierarchy_level3": "Purina One Katzentrockenfutter",
  "producthierarchy_level4": "",
  "producthierarchy_level5": "",
  "producthierarchy_level6": "",
  "producthierarchy_level7": "",
  "currency": "Swiss franc",
  "file_name_1": "8703_1.jpg",
  "image_url_1": "https://sortiment.lidl.ch/media/catalog/product/cache/38c728e59b3a47950872534eff8a1e63/8/7/8703_PSXX.jpg"
},
{
  "_id": {
    "$oid": "66f3a4dbd23ade1eec55fba1"
  },
  "unique_id": "174800",
  "product_name": "Pfefferminztee",
  "brand": "Lord Nelson",
  "regular_price": 0.95,
  "selling_price": 0.95,
  "price_per_unit": "pro 50x1,4g | 100g = 1.36 CHF",
  "breadcrumb": "Sortiment > Sortiment > Pfefferminztee",
  "pdp_url": "https://sortiment.lidl.ch/de/pfefferminztee-0174800",
  "product_description": "Artikelnr.: 174800",
  "producthierarchy_level1": "Sortiment",
  "producthierarchy_level2": "Sortiment",
  "producthierarchy_level3": "Pfefferminztee",
  "producthierarchy_level4": "",
  "producthierarchy_level5": "",
  "producthierarchy_level6": "",
  "producthierarchy_level7": "",
  "currency": "Swiss franc",
  "file_name_1": "174800_1.jpg",
  "image_url_1": "https://sortiment.lidl.ch/media/catalog/product/cache/38c728e59b3a47950872534eff8a1e63/1/7/174800_PSXX.jpg"
},
{
  "_id": {
    "$oid": "66f3a4dcd23ade1eec55fba2"
  },
  "unique_id": "170779",
  "product_name": "Hunde-Dentalsticks",
  "brand": "Orlando",
  "regular_price": 0.59,
  "selling_price": 0.59,
  "price_per_unit": "pro 180g | 100g = 0.33 CHF",
  "breadcrumb": "Sortiment > Sortiment > Hunde-Dentalsticks",
  "pdp_url": "https://sortiment.lidl.ch/de/hunde-dentalsticks-0170779",
  "product_description": "Artikelnr.: 170779",
  "producthierarchy_level1": "Sortiment",
  "producthierarchy_level2": "Sortiment",
  "producthierarchy_level3": "Hunde-Dentalsticks",
  "producthierarchy_level4": "",
  "producthierarchy_level5": "",
  "producthierarchy_level6": "",
  "producthierarchy_level7": "",
  "currency": "Swiss franc",
  "file_name_1": "170779_1.jpg",
  "image_url_1": "https://sortiment.lidl.ch/media/amasty/amoptmobile/catalog/product/cache/38c728e59b3a47950872534eff8a1e63/1/7/170779_Maxi_PSXX.jpg",
  "file_name_2": "170779_2.jpg",
  "image_url_2": "https://sortiment.lidl.ch/media/catalog/product/cache/38c728e59b3a47950872534eff8a1e63/1/7/170779_Midi_PSXX.jpg",
  "file_name_3": "170779_3.jpg",
  "image_url_3": "https://sortiment.lidl.ch/media/catalog/product/cache/38c728e59b3a47950872534eff8a1e63/1/7/170779_Mini_PSXX.jpg"
},
{
  "_id": {
    "$oid": "66f3a4ddd23ade1eec55fba3"
  },
  "unique_id": "5110887",
  "product_name": "Weisswürste mit süssem Senf",
  "brand": "Dulano",
  "regular_price": 4.29,
  "selling_price": 4.29,
  "price_per_unit": "pro 5x60g | 100g = 1.43 CHF",
  "breadcrumb": "Sortiment > Sortiment > Weisswürste mit süssem Senf",
  "pdp_url": "https://sortiment.lidl.ch/de/weisswuerste-mit-suessem-senf-5110887",
  "product_description": "Artikelnr.: 5110887",
  "producthierarchy_level1": "Sortiment",
  "producthierarchy_level2": "Sortiment",
  "producthierarchy_level3": "Weisswürste mit süssem Senf",
  "producthierarchy_level4": "",
  "producthierarchy_level5": "",
  "producthierarchy_level6": "",
  "producthierarchy_level7": "",
  "currency": "Swiss franc",
  "file_name_1": "5110887_1.jpg",
  "image_url_1": "https://sortiment.lidl.ch/media/catalog/product/cache/38c728e59b3a47950872534eff8a1e63/5/1/5110887_FKBF.jpg",
  "file_name_2": "5110887_2.jpg",
  "image_url_2": "https://sortiment.lidl.ch/media/catalog/product/cache/38c728e59b3a47950872534eff8a1e63/5/1/5110887_PSXX.jpg"
},
{
  "_id": {
    "$oid": "66f3a4ded23ade1eec55fba4"
  },
  "unique_id": "5111026",
  "product_name": "Rohner Magenbrot",
  "brand": "Rohner",
  "regular_price": 4.49,
  "selling_price": 4.49,
  "price_per_unit": "pro 250g | 100g = 1.80 CHF",
  "breadcrumb": "Sortiment > Sortiment > Rohner Magenbrot",
  "pdp_url": "https://sortiment.lidl.ch/de/rohner-magenbrot-5111026",
  "product_description": "Artikelnr.: 5111026",
  "producthierarchy_level1": "Sortiment",
  "producthierarchy_level2": "Sortiment",
  "producthierarchy_level3": "Rohner Magenbrot",
  "producthierarchy_level4": "",
  "producthierarchy_level5": "",
  "producthierarchy_level6": "",
  "producthierarchy_level7": "",
  "currency": "Swiss franc",
  "file_name_1": "5111026_1.jpg",
  "image_url_1": "https://sortiment.lidl.ch/media/catalog/product/cache/38c728e59b3a47950872534eff8a1e63/5/1/5111026_Verpackung_PSXX.jpg"
},
{
  "_id": {
    "$oid": "66f3a4dfd23ade1eec55fba5"
  },
  "unique_id": "172111",
  "product_name": "High Protein Pudding",
  "brand": "Milbona",
  "regular_price": 1.79,
  "selling_price": 1.79,
  "price_per_unit": "pro 200g | 100g = 0.90 CHF",
  "breadcrumb": "Sortiment > Sortiment > High Protein Pudding",
  "pdp_url": "https://sortiment.lidl.ch/de/high-protein-pudding-0172111",
  "product_description": "Artikelnr.: 172111",
  "producthierarchy_level1": "Sortiment",
  "producthierarchy_level2": "Sortiment",
  "producthierarchy_level3": "High Protein Pudding",
  "producthierarchy_level4": "",
  "producthierarchy_level5": "",
  "producthierarchy_level6": "",
  "producthierarchy_level7": "",
  "currency": "Swiss franc",
  "file_name_1": "172111_1.jpg",
  "image_url_1": "https://sortiment.lidl.ch/media/catalog/product/cache/38c728e59b3a47950872534eff8a1e63/1/7/172111_Caramel_Oben_PSXX.jpg",
  "file_name_2": "172111_2.jpg",
  "image_url_2": "https://sortiment.lidl.ch/media/catalog/product/cache/38c728e59b3a47950872534eff8a1e63/1/7/172111_Caramel_Seitlich_PSXX.jpg",
  "file_name_3": "172111_3.jpg",
  "image_url_3": "https://sortiment.lidl.ch/media/catalog/product/cache/38c728e59b3a47950872534eff8a1e63/1/7/172111_Hazelnut_PSXX.jpg",
  "file_name_4": "172111_4.jpg",
  "image_url_4": "https://sortiment.lidl.ch/media/catalog/product/cache/38c728e59b3a47950872534eff8a1e63/1/7/172111_Hazelnut_Top_PSXX.jpg"
},
{
  "_id": {
    "$oid": "66f3a4e0d23ade1eec55fba6"
  },
  "unique_id": "5110747",
  "product_name": "Züger Bio Butter laktosefrei",
  "brand": "Züger",
  "regular_price": 2.85,
  "selling_price": 2.85,
  "price_per_unit": "pro 100g",
  "breadcrumb": "Sortiment > Sortiment > Züger Bio Butter laktosefrei",
  "pdp_url": "https://sortiment.lidl.ch/de/zueger-bio-butter-laktosefrei-5110747",
  "product_description": "Artikelnr.: 5110747",
  "producthierarchy_level1": "Sortiment",
  "producthierarchy_level2": "Sortiment",
  "producthierarchy_level3": "Züger Bio Butter laktosefrei",
  "producthierarchy_level4": "",
  "producthierarchy_level5": "",
  "producthierarchy_level6": "",
  "producthierarchy_level7": "",
  "currency": "Swiss franc",
  "file_name_1": "5110747_1.jpg",
  "image_url_1": "https://sortiment.lidl.ch/media/catalog/product/cache/38c728e59b3a47950872534eff8a1e63/5/1/5110747_PSXX.jpg"
},
{
  "_id": {
    "$oid": "66f3a4e1d23ade1eec55fba7"
  },
  "unique_id": "5104030",
  "product_name": "Halbfettquark",
  "brand": "Milbona",
  "regular_price": 1.49,
  "selling_price": 1.49,
  "price_per_unit": "pro 250g | 100g = 0.60 CHF",
  "breadcrumb": "Sortiment > Sortiment > Halbfettquark",
  "pdp_url": "https://sortiment.lidl.ch/de/halbfettquark-5104030",
  "product_description": "Artikelnr.: 5104030",
  "producthierarchy_level1": "Sortiment",
  "producthierarchy_level2": "Sortiment",
  "producthierarchy_level3": "Halbfettquark",
  "producthierarchy_level4": "",
  "producthierarchy_level5": "",
  "producthierarchy_level6": "",
  "producthierarchy_level7": "",
  "currency": "Swiss franc",
  "file_name_1": "5104030_1.jpg",
  "image_url_1": "https://sortiment.lidl.ch/media/catalog/product/cache/38c728e59b3a47950872534eff8a1e63/5/1/5104030_PSXX.jpg"
},
{
  "_id": {
    "$oid": "66f3a4e3d23ade1eec55fba8"
  },
  "unique_id": "165056",
  "product_name": "Antipasti Creme",
  "brand": "Chef Select",
  "regular_price": 1.99,
  "selling_price": 1.99,
  "price_per_unit": "pro 150g | 100g = 1.33 CHF",
  "breadcrumb": "Sortiment > Sortiment > Antipasti Creme",
  "pdp_url": "https://sortiment.lidl.ch/de/antipasti-creme-0165056",
  "product_description": "Artikelnr.: 165056",
  "producthierarchy_level1": "Sortiment",
  "producthierarchy_level2": "Sortiment",
  "producthierarchy_level3": "Antipasti Creme",
  "producthierarchy_level4": "",
  "producthierarchy_level5": "",
  "producthierarchy_level6": "",
  "producthierarchy_level7": "",
  "currency": "Swiss franc",
  "file_name_1": "165056_1.jpg",
  "image_url_1": "https://sortiment.lidl.ch/media/catalog/product/cache/38c728e59b3a47950872534eff8a1e63/1/6/165056_Baerlauch_PSXX.jpg",
  "file_name_2": "165056_2.jpg",
  "image_url_2": "https://sortiment.lidl.ch/media/catalog/product/cache/38c728e59b3a47950872534eff8a1e63/1/6/165056_Paprika_PSXX.jpg",
  "file_name_3": "165056_3.jpg",
  "image_url_3": "https://sortiment.lidl.ch/media/catalog/product/cache/38c728e59b3a47950872534eff8a1e63/1/6/165056_Peperoni_PSXX.jpg",
  "file_name_4": "165056_4.jpg",
  "image_url_4": "https://sortiment.lidl.ch/media/catalog/product/cache/38c728e59b3a47950872534eff8a1e63/1/6/165056_Tomate_PSXX.jpg"
},
{
  "_id": {
    "$oid": "66f3a4e4d23ade1eec55fba9"
  },
  "unique_id": "5110842",
  "product_name": "Eberle Fruchtkäse",
  "brand": "",
  "regular_price": 4.59,
  "selling_price": 4.59,
  "price_per_unit": "pro 125g | 100g = 3.68 CHF",
  "breadcrumb": "Sortiment > Sortiment > Eberle Fruchtkäse",
  "pdp_url": "https://sortiment.lidl.ch/de/eberle-fruchtkaese-5110842",
  "product_description": "Artikelnr.: 5110842",
  "producthierarchy_level1": "Sortiment",
  "producthierarchy_level2": "Sortiment",
  "producthierarchy_level3": "Eberle Fruchtkäse",
  "producthierarchy_level4": "",
  "producthierarchy_level5": "",
  "producthierarchy_level6": "",
  "producthierarchy_level7": "",
  "currency": "Swiss franc",
  "file_name_1": "5110842_1.jpg",
  "image_url_1": "https://sortiment.lidl.ch/media/catalog/product/cache/38c728e59b3a47950872534eff8a1e63/5/1/5110842_PSXX.jpg"
},
{
  "_id": {
    "$oid": "66f3a4e5d23ade1eec55fbaa"
  },
  "unique_id": "5110772",
  "product_name": "Moser Bio Camembertli",
  "brand": "",
  "regular_price": 3.19,
  "selling_price": 3.19,
  "price_per_unit": "pro 125g | 100g = 2.56 CHF",
  "breadcrumb": "Sortiment > Sortiment > Moser Bio Camembertli",
  "pdp_url": "https://sortiment.lidl.ch/de/moser-bio-camembertli-5110772",
  "product_description": "Artikelnr.: 5110772",
  "producthierarchy_level1": "Sortiment",
  "producthierarchy_level2": "Sortiment",
  "producthierarchy_level3": "Moser Bio Camembertli",
  "producthierarchy_level4": "",
  "producthierarchy_level5": "",
  "producthierarchy_level6": "",
  "producthierarchy_level7": "",
  "currency": "Swiss franc",
  "file_name_1": "5110772_1.jpg",
  "image_url_1": "https://sortiment.lidl.ch/media/catalog/product/cache/38c728e59b3a47950872534eff8a1e63/5/1/5110772_PSXX.jpg"
},
{
  "_id": {
    "$oid": "66f3a4e7d23ade1eec55fbab"
  },
  "unique_id": "178683",
  "product_name": "Ibérico Spezialitäten",
  "brand": "Deluxe",
  "regular_price": 2.95,
  "selling_price": 2.95,
  "price_per_unit": "pro 50g, 70g | 100g = 5.90, 4.22 CHF",
  "breadcrumb": "Sortiment > Sortiment > Ibérico Spezialitäten",
  "pdp_url": "https://sortiment.lidl.ch/de/iberico-spezialitaeten-0178683",
  "product_description": "Artikelnr.: 178683",
  "producthierarchy_level1": "Sortiment",
  "producthierarchy_level2": "Sortiment",
  "producthierarchy_level3": "Ibérico Spezialitäten",
  "producthierarchy_level4": "",
  "producthierarchy_level5": "",
  "producthierarchy_level6": "",
  "producthierarchy_level7": "",
  "currency": "Swiss franc",
  "file_name_1": "178683_1.jpg",
  "image_url_1": "https://sortiment.lidl.ch/media/catalog/product/cache/38c728e59b3a47950872534eff8a1e63/1/7/178683_Chorizo_PSXX.jpg",
  "file_name_2": "178683_2.jpg",
  "image_url_2": "https://sortiment.lidl.ch/media/catalog/product/cache/38c728e59b3a47950872534eff8a1e63/1/7/178683_Lomo_PSXX.jpg",
  "file_name_3": "178683_3.jpg",
  "image_url_3": "https://sortiment.lidl.ch/media/catalog/product/cache/38c728e59b3a47950872534eff8a1e63/1/7/178683_Salchichon_PSXX.jpg"
},
{
  "_id": {
    "$oid": "66f3a4e8d23ade1eec55fbac"
  },
  "unique_id": "180707",
  "product_name": "Kosmetiktücher 3-lagig",
  "brand": "Cien",
  "regular_price": 1.99,
  "selling_price": 1.99,
  "price_per_unit": "pro 120 Stück | 1 Stk = 0.02 CHF",
  "breadcrumb": "Sortiment > Sortiment > Kosmetiktücher 3-lagig",
  "pdp_url": "https://sortiment.lidl.ch/de/kosmetiktuecher-3-lagig-0180707",
  "product_description": "Artikelnr.: 180707",
  "producthierarchy_level1": "Sortiment",
  "producthierarchy_level2": "Sortiment",
  "producthierarchy_level3": "Kosmetiktücher 3-lagig",
  "producthierarchy_level4": "",
  "producthierarchy_level5": "",
  "producthierarchy_level6": "",
  "producthierarchy_level7": "",
  "currency": "Swiss franc",
  "file_name_1": "180707_1.jpg",
  "image_url_1": "https://sortiment.lidl.ch/media/catalog/product/cache/38c728e59b3a47950872534eff8a1e63/1/8/180707_Aloe_blau_PSXX.jpg",
  "file_name_2": "180707_2.jpg",
  "image_url_2": "https://sortiment.lidl.ch/media/catalog/product/cache/38c728e59b3a47950872534eff8a1e63/1/8/180707_Aloe_gruen_PSXX.jpg",
  "file_name_3": "180707_3.jpg",
  "image_url_3": "https://sortiment.lidl.ch/media/catalog/product/cache/38c728e59b3a47950872534eff8a1e63/1/8/180707_Aloe_rosa_PSXX.jpg"
},
{
  "_id": {
    "$oid": "66f3a4e9d23ade1eec55fbad"
  },
  "unique_id": "174609",
  "product_name": "Sushi-Stäbchen",
  "brand": "Chef Select",
  "regular_price": 0.1,
  "selling_price": 0.1,
  "price_per_unit": "pro Stück",
  "breadcrumb": "Sortiment > Sortiment > Sushi-Stäbchen",
  "pdp_url": "https://sortiment.lidl.ch/de/sushi-staebchen-0174609",
  "product_description": "Artikelnr.: 174609",
  "producthierarchy_level1": "Sortiment",
  "producthierarchy_level2": "Sortiment",
  "producthierarchy_level3": "Sushi-Stäbchen",
  "producthierarchy_level4": "",
  "producthierarchy_level5": "",
  "producthierarchy_level6": "",
  "producthierarchy_level7": "",
  "currency": "Swiss franc",
  "file_name_1": "174609_1.jpg",
  "image_url_1": "https://sortiment.lidl.ch/media/catalog/product/cache/38c728e59b3a47950872534eff8a1e63/1/7/174609_PSXX.jpg"
},
{
  "_id": {
    "$oid": "66f3a4ead23ade1eec55fbae"
  },
  "unique_id": "155510",
  "product_name": "Kaffekapseln Café au lait",
  "brand": "Bellarom",
  "regular_price": 3.89,
  "selling_price": 3.89,
  "price_per_unit": "pro 16 Stück | 100g = 24.32, 2.44 CHF",
  "breadcrumb": "Sortiment > Sortiment > Kaffekapseln Café au lait",
  "pdp_url": "https://sortiment.lidl.ch/de/kaffekapseln-cafe-au-lait-0155510",
  "product_description": "Artikelnr.: 155510",
  "producthierarchy_level1": "Sortiment",
  "producthierarchy_level2": "Sortiment",
  "producthierarchy_level3": "Kaffekapseln Café au lait",
  "producthierarchy_level4": "",
  "producthierarchy_level5": "",
  "producthierarchy_level6": "",
  "producthierarchy_level7": "",
  "currency": "Swiss franc",
  "file_name_1": "155510_1.jpg",
  "image_url_1": "https://sortiment.lidl.ch/media/catalog/product/cache/38c728e59b3a47950872534eff8a1e63/1/5/155510_PSXX.jpg"
},
{
  "_id": {
    "$oid": "66f3a4ebd23ade1eec55fbaf"
  },
  "unique_id": "182509",
  "product_name": "Kikkoman Sojasauce",
  "brand": "Kikkoman",
  "regular_price": 5.79,
  "selling_price": 4.59,
  "price_per_unit": "pro 500ml | 1L = 9.18 CHF",
  "breadcrumb": "Sortiment > Sortiment > Kikkoman Sojasauce",
  "pdp_url": "https://sortiment.lidl.ch/de/kikkoman-sojasauce-0182509",
  "product_description": "Artikelnr.: 182509",
  "producthierarchy_level1": "Sortiment",
  "producthierarchy_level2": "Sortiment",
  "producthierarchy_level3": "Kikkoman Sojasauce",
  "producthierarchy_level4": "",
  "producthierarchy_level5": "",
  "producthierarchy_level6": "",
  "producthierarchy_level7": "",
  "currency": "Swiss franc",
  "file_name_1": "182509_1.jpg",
  "image_url_1": "https://sortiment.lidl.ch/media/amasty/amoptmobile/catalog/product/cache/38c728e59b3a47950872534eff8a1e63/1/8/182509_PSXX.jpg"
},
{
  "_id": {
    "$oid": "66f3a4ecd23ade1eec55fbb0"
  },
  "unique_id": "171735",
  "product_name": "Barista Haferdrink",
  "brand": "Vemondo",
  "regular_price": 1.75,
  "selling_price": 1.75,
  "price_per_unit": "pro 1000ml",
  "breadcrumb": "Sortiment > Sortiment > Barista Haferdrink",
  "pdp_url": "https://sortiment.lidl.ch/de/barista-haferdrink-0171735",
  "product_description": "Artikelnr.: 171735",
  "producthierarchy_level1": "Sortiment",
  "producthierarchy_level2": "Sortiment",
  "producthierarchy_level3": "Barista Haferdrink",
  "producthierarchy_level4": "",
  "producthierarchy_level5": "",
  "producthierarchy_level6": "",
  "producthierarchy_level7": "",
  "currency": "Swiss franc",
  "file_name_1": "171735_1.jpg",
  "image_url_1": "https://sortiment.lidl.ch/media/catalog/product/cache/38c728e59b3a47950872534eff8a1e63/1/7/171735_Kolli_PSXX.jpg",
  "file_name_2": "171735_2.jpg",
  "image_url_2": "https://sortiment.lidl.ch/media/catalog/product/cache/38c728e59b3a47950872534eff8a1e63/1/7/171735_PSXX.jpg"
},
{
  "_id": {
    "$oid": "66f3a4edd23ade1eec55fbb1"
  },
  "unique_id": "5110790",
  "product_name": "Schweizer Kaminholz 15kg",
  "brand": "",
  "regular_price": 9.99,
  "selling_price": 9.99,
  "price_per_unit": "pro 15kg | 100g = 0.07 CHF",
  "breadcrumb": "Sortiment > Sortiment > Schweizer Kaminholz 15kg",
  "pdp_url": "https://sortiment.lidl.ch/de/schweizer-kaminholz-15kg-5110790",
  "product_description": "Artikelnr.: 5110790",
  "producthierarchy_level1": "Sortiment",
  "producthierarchy_level2": "Sortiment",
  "producthierarchy_level3": "Schweizer Kaminholz 15kg",
  "producthierarchy_level4": "",
  "producthierarchy_level5": "",
  "producthierarchy_level6": "",
  "producthierarchy_level7": "",
  "currency": "Swiss franc",
  "file_name_1": "5110790_1.jpg",
  "image_url_1": "https://sortiment.lidl.ch/media/catalog/product/cache/38c728e59b3a47950872534eff8a1e63/5/1/5110790_PSXX.jpg"
},
{
  "_id": {
    "$oid": "66f3a4efd23ade1eec55fbb2"
  },
  "unique_id": "5109871",
  "product_name": "Hirschgeschnetzeltes",
  "brand": "Carnesi",
  "regular_price": 7.99,
  "selling_price": 7.99,
  "price_per_unit": "pro 250g | 100g = 3.20 CHF",
  "breadcrumb": "Sortiment > Sortiment > Hirschgeschnetzeltes",
  "pdp_url": "https://sortiment.lidl.ch/de/hirschgeschnetzeltes-5109871",
  "product_description": "Artikelnr.: 5109871",
  "producthierarchy_level1": "Sortiment",
  "producthierarchy_level2": "Sortiment",
  "producthierarchy_level3": "Hirschgeschnetzeltes",
  "producthierarchy_level4": "",
  "producthierarchy_level5": "",
  "producthierarchy_level6": "",
  "producthierarchy_level7": "",
  "currency": "Swiss franc",
  "file_name_1": "5109871_1.jpg",
  "image_url_1": "https://sortiment.lidl.ch/media/catalog/product/cache/38c728e59b3a47950872534eff8a1e63/5/1/5109871_FKBF.jpg",
  "file_name_2": "5109871_2.jpg",
  "image_url_2": "https://sortiment.lidl.ch/media/catalog/product/cache/38c728e59b3a47950872534eff8a1e63/5/1/5109871_PSXX.jpg"
},
{
  "_id": {
    "$oid": "66f3a4f0d23ade1eec55fbb3"
  },
  "unique_id": "5110571",
  "product_name": "Entrecote dünn geschnitten",
  "brand": "Bonvalle",
  "regular_price": 4.99,
  "selling_price": 4.99,
  "price_per_unit": "pro 100g, ca. 200-300g",
  "breadcrumb": "Sortiment > Sortiment > Entrecote dünn geschnitten",
  "pdp_url": "https://sortiment.lidl.ch/de/entrecote-duenn-geschnitten-5110571",
  "product_description": "Artikelnr.: 5110571",
  "producthierarchy_level1": "Sortiment",
  "producthierarchy_level2": "Sortiment",
  "producthierarchy_level3": "Entrecote dünn geschnitten",
  "producthierarchy_level4": "",
  "producthierarchy_level5": "",
  "producthierarchy_level6": "",
  "producthierarchy_level7": "",
  "currency": "Swiss franc",
  "file_name_1": "5110571_1.jpg",
  "image_url_1": "https://sortiment.lidl.ch/media/catalog/product/cache/38c728e59b3a47950872534eff8a1e63/5/1/5110571_FKBF.jpg",
  "file_name_2": "5110571_2.jpg",
  "image_url_2": "https://sortiment.lidl.ch/media/catalog/product/cache/38c728e59b3a47950872534eff8a1e63/5/1/5110571_PSXX.jpg"
},
{
  "_id": {
    "$oid": "66f3a4f2d23ade1eec55fbb4"
  },
  "unique_id": "5110597",
  "product_name": "Cordon Bleu vom Schwein",
  "brand": "Bonvalle",
  "regular_price": 7.89,
  "selling_price": 7.89,
  "price_per_unit": "pro 380g | 100g = 2.08 CHF",
  "breadcrumb": "Sortiment > Sortiment > Cordon Bleu vom Schwein",
  "pdp_url": "https://sortiment.lidl.ch/de/cordon-bleu-vom-schwein-5110597",
  "product_description": "Artikelnr.: 5110597",
  "producthierarchy_level1": "Sortiment",
  "producthierarchy_level2": "Sortiment",
  "producthierarchy_level3": "Cordon Bleu vom Schwein",
  "producthierarchy_level4": "",
  "producthierarchy_level5": "",
  "producthierarchy_level6": "",
  "producthierarchy_level7": "",
  "currency": "Swiss franc",
  "file_name_1": "5110597_1.jpg",
  "image_url_1": "https://sortiment.lidl.ch/media/catalog/product/cache/38c728e59b3a47950872534eff8a1e63/5/1/5110597_FKBF.jpg",
  "file_name_2": "5110597_2.jpg",
  "image_url_2": "https://sortiment.lidl.ch/media/catalog/product/cache/38c728e59b3a47950872534eff8a1e63/5/1/5110597_PSXX.jpg"
},
{
  "_id": {
    "$oid": "66f3a4f3d23ade1eec55fbb5"
  },
  "unique_id": "5842",
  "product_name": "Fleischvogel mit Speck",
  "brand": "Bonvalle",
  "regular_price": 9.99,
  "selling_price": 9.99,
  "price_per_unit": "pro 600g | 100g = 1.67 CHF",
  "breadcrumb": "Sortiment > Sortiment > Fleischvogel mit Speck",
  "pdp_url": "https://sortiment.lidl.ch/de/fleischvogel-mit-speck-0005842",
  "product_description": "Artikelnr.: 5842",
  "producthierarchy_level1": "Sortiment",
  "producthierarchy_level2": "Sortiment",
  "producthierarchy_level3": "Fleischvogel mit Speck",
  "producthierarchy_level4": "",
  "producthierarchy_level5": "",
  "producthierarchy_level6": "",
  "producthierarchy_level7": "",
  "currency": "Swiss franc",
  "file_name_1": "5842_1.jpg",
  "image_url_1": "https://sortiment.lidl.ch/media/catalog/product/cache/38c728e59b3a47950872534eff8a1e63/5/8/5842_FKBF.jpg",
  "file_name_2": "5842_2.jpg",
  "image_url_2": "https://sortiment.lidl.ch/media/catalog/product/cache/38c728e59b3a47950872534eff8a1e63/5/8/5842_PSXX.jpg"
},
{
  "_id": {
    "$oid": "66f3a4f4d23ade1eec55fbb6"
  },
  "unique_id": "8806",
  "product_name": "Becel Classic",
  "brand": "Becel",
  "regular_price": 2.69,
  "selling_price": 2.69,
  "price_per_unit": "pro 225g | 100g = 1.20 CHF",
  "breadcrumb": "Sortiment > Sortiment > Becel Classic",
  "pdp_url": "https://sortiment.lidl.ch/de/becel-classic-0008806",
  "product_description": "Artikelnr.: 8806",
  "producthierarchy_level1": "Sortiment",
  "producthierarchy_level2": "Sortiment",
  "producthierarchy_level3": "Becel Classic",
  "producthierarchy_level4": "",
  "producthierarchy_level5": "",
  "producthierarchy_level6": "",
  "producthierarchy_level7": "",
  "currency": "Swiss franc",
  "file_name_1": "8806_1.jpg",
  "image_url_1": "https://sortiment.lidl.ch/media/catalog/product/cache/38c728e59b3a47950872534eff8a1e63/8/8/8806_02_PSXX.jpg",
  "file_name_2": "8806_2.jpg",
  "image_url_2": "https://sortiment.lidl.ch/media/catalog/product/cache/38c728e59b3a47950872534eff8a1e63/8/8/8806_PSXX.jpg"
},
{
  "_id": {
    "$oid": "66f3a4f5d23ade1eec55fbb7"
  },
  "unique_id": "8798",
  "product_name": "Lätta Original",
  "brand": "Lätta",
  "regular_price": 3.95,
  "selling_price": 2.99,
  "price_per_unit": "pro 450g | 100g = 0.67 CHF | LP 100g = 0.62 CHF",
  "breadcrumb": "Sortiment > Sortiment > Lätta Original",
  "pdp_url": "https://sortiment.lidl.ch/de/laetta-original-0008798",
  "product_description": "Artikelnr.: 8798",
  "producthierarchy_level1": "Sortiment",
  "producthierarchy_level2": "Sortiment",
  "producthierarchy_level3": "Lätta Original",
  "producthierarchy_level4": "",
  "producthierarchy_level5": "",
  "producthierarchy_level6": "",
  "producthierarchy_level7": "",
  "currency": "Swiss franc",
  "file_name_1": "8798_1.jpg",
  "image_url_1": "https://sortiment.lidl.ch/media/catalog/product/cache/38c728e59b3a47950872534eff8a1e63/8/7/8798_PSXX.jpg"
},
{
  "_id": {
    "$oid": "66f3a4f6d23ade1eec55fbb8"
  },
  "unique_id": "166383",
  "product_name": "Zimt",
  "brand": "Kania",
  "regular_price": 0.59,
  "selling_price": 0.59,
  "price_per_unit": "pro 40g | 100g = 1.48 CHF",
  "breadcrumb": "Sortiment > Sortiment > Zimt",
  "pdp_url": "https://sortiment.lidl.ch/de/zimt-0166383",
  "product_description": "Artikelnr.: 166383",
  "producthierarchy_level1": "Sortiment",
  "producthierarchy_level2": "Sortiment",
  "producthierarchy_level3": "Zimt",
  "producthierarchy_level4": "",
  "producthierarchy_level5": "",
  "producthierarchy_level6": "",
  "producthierarchy_level7": "",
  "currency": "Swiss franc",
  "file_name_1": "166383_1.jpg",
  "image_url_1": "https://sortiment.lidl.ch/media/catalog/product/cache/38c728e59b3a47950872534eff8a1e63/1/6/166383_PSXX.jpg"
},
{
  "_id": {
    "$oid": "66f3a4f7d23ade1eec55fbb9"
  },
  "unique_id": "158149",
  "product_name": "Naturkosmetik Bodylotion",
  "brand": "Cien Nature",
  "regular_price": 2.99,
  "selling_price": 2.99,
  "price_per_unit": "pro 250ml | 100ML = 1.20 CHF",
  "breadcrumb": "Sortiment > Sortiment > Naturkosmetik Bodylotion",
  "pdp_url": "https://sortiment.lidl.ch/de/naturkosmetik-bodylotion-0158149",
  "product_description": "Artikelnr.: 158149",
  "producthierarchy_level1": "Sortiment",
  "producthierarchy_level2": "Sortiment",
  "producthierarchy_level3": "Naturkosmetik Bodylotion",
  "producthierarchy_level4": "",
  "producthierarchy_level5": "",
  "producthierarchy_level6": "",
  "producthierarchy_level7": "",
  "currency": "Swiss franc",
  "file_name_1": "158149_1.jpg",
  "image_url_1": "https://sortiment.lidl.ch/media/catalog/product/cache/38c728e59b3a47950872534eff8a1e63/1/5/158149_Buckthorn_PSXX.jpg",
  "file_name_2": "158149_2.jpg",
  "image_url_2": "https://sortiment.lidl.ch/media/catalog/product/cache/38c728e59b3a47950872534eff8a1e63/1/5/158149_Citrus_PSXX.jpg"
},
{
  "_id": {
    "$oid": "66f3a4f8d23ade1eec55fbba"
  },
  "unique_id": "141870",
  "product_name": "Tuchmaske",
  "brand": "Cien",
  "regular_price": 1.19,
  "selling_price": 1.19,
  "price_per_unit": "pro 17ml | 1 Stk = 0.60 CHF",
  "breadcrumb": "Sortiment > Sortiment > Tuchmaske",
  "pdp_url": "https://sortiment.lidl.ch/de/tuchmaske-0141870",
  "product_description": "Artikelnr.: 141870",
  "producthierarchy_level1": "Sortiment",
  "producthierarchy_level2": "Sortiment",
  "producthierarchy_level3": "Tuchmaske",
  "producthierarchy_level4": "",
  "producthierarchy_level5": "",
  "producthierarchy_level6": "",
  "producthierarchy_level7": "",
  "currency": "Swiss franc",
  "file_name_1": "141870_1.jpg",
  "image_url_1": "https://sortiment.lidl.ch/media/catalog/product/cache/38c728e59b3a47950872534eff8a1e63/1/4/141870_Glow_PSXX.jpg",
  "file_name_2": "141870_2.jpg",
  "image_url_2": "https://sortiment.lidl.ch/media/catalog/product/cache/38c728e59b3a47950872534eff8a1e63/1/4/141870_Hydro_PSXX.jpg",
  "file_name_3": "141870_3.jpg",
  "image_url_3": "https://sortiment.lidl.ch/media/catalog/product/cache/38c728e59b3a47950872534eff8a1e63/1/4/141870_Moisture_PSXX.jpg"
},
{
  "_id": {
    "$oid": "66f3a4f9d23ade1eec55fbbb"
  },
  "unique_id": "179574",
  "product_name": "Schoggibrötli mit Fairtrade Kakao",
  "brand": "",
  "regular_price": 1.49,
  "selling_price": 1.49,
  "price_per_unit": "pro 80g | 100g = 1.87 CHF",
  "breadcrumb": "Sortiment > Sortiment > Schoggibrötli mit Fairtrade Kakao",
  "pdp_url": "https://sortiment.lidl.ch/de/schoggibroetli-mit-fairtrade-kakao-0179574",
  "product_description": "Artikelnr.: 179574 Weizenbrötchen mit Schokoladenstücken, aufgetaut. Zutaten: Weizenmehl , Wasser, 16% Schokolade* [Zucker, Kakaomasse, Kakaobutter, Emulgator: Lecithine (Sonnenblume, Raps)], Zucker, Rapsöl, Hefe, Eier **,  Speisesalz, Weizenkleber, Hühnereieiweiss**,  Weizenquellmehl , Gerstenmalzmehl , Magermilchpulver , Traubenzucker, Laktose , Milcheiweiss , Butter , Mehlbehandlungsmittel: Ascorbinsäure. Kann Spuren von Erdnüsse, Soja, Schalenfrüchte (Nüsse), Sellerie, Senf, Sesam und Sulfiten enthalten. *Anteil für gebackenes Produkt **aus Freilandhaltung. Hergestellt in der Schweiz.",
  "producthierarchy_level1": "Sortiment",
  "producthierarchy_level2": "Sortiment",
  "producthierarchy_level3": "Schoggibrötli mit Fairtrade Kakao",
  "producthierarchy_level4": "",
  "producthierarchy_level5": "",
  "producthierarchy_level6": "",
  "producthierarchy_level7": "",
  "currency": "Swiss franc",
  "file_name_1": "179574_1.jpg",
  "image_url_1": "https://sortiment.lidl.ch/media/catalog/product/cache/38c728e59b3a47950872534eff8a1e63/1/7/179574_01_FKBF.jpg",
  "file_name_2": "179574_2.jpg",
  "image_url_2": "https://sortiment.lidl.ch/media/catalog/product/cache/38c728e59b3a47950872534eff8a1e63/1/7/179574_02_FKBF.jpg",
  "file_name_3": "179574_3.jpg",
  "image_url_3": "https://sortiment.lidl.ch/media/catalog/product/cache/38c728e59b3a47950872534eff8a1e63/1/7/179574_03_FKBF.jpg",
  "file_name_4": "179574_4.jpg",
  "image_url_4": "https://sortiment.lidl.ch/media/catalog/product/cache/38c728e59b3a47950872534eff8a1e63/1/7/179574_04_FKBF.jpg",
  "file_name_5": "179574_5.jpg",
  "image_url_5": "https://sortiment.lidl.ch/media/catalog/product/cache/38c728e59b3a47950872534eff8a1e63/1/7/179574_05_FKBF.jpg"
},
{
  "_id": {
    "$oid": "66f3a4fbd23ade1eec55fbbc"
  },
  "unique_id": "5108672",
  "product_name": "Marronibrot",
  "brand": "",
  "regular_price": 3.49,
  "selling_price": 3.49,
  "price_per_unit": "pro 350g | 100g = 1.00 CHF",
  "breadcrumb": "Sortiment > Sortiment > Marronibrot",
  "pdp_url": "https://sortiment.lidl.ch/de/marronibrot-5108672",
  "product_description": "Artikelnr.: 5108672 Brot aus Weizenmehl mit Roggen und Marroni. Zutaten: 46% Weizenmehl , Wasser, 12% Marroni, 8% Roggenschrot , 6% Roggenmehl , 2,8% Marroni-Püree, Backhefe, Speisesalz jodiert, Zucker, Weizengluten , Verdickungsmittel: Guarkernmehl, Traubenzucker, Emulgator: Diacetylweinsäureester von Mono- und Diglyceriden von Speisefettsäuren, Weizenmalzmehl , Glukosesirup, Konservierungsstoff: Kaliumsorbat, Mehlbehandlungsmittel: Ascorbinsäure, Gerstenmalzmehl , Enzyme (Amylasen, Xylanasen). Kann Spuren von Ei, Erdnüsse, Soja, Milch, Schalenfrüchte (Nüsse), Sellerie, Senf, Sesam und Sulfiten enthalten. Hergestellt in der Schweiz.",
  "producthierarchy_level1": "Sortiment",
  "producthierarchy_level2": "Sortiment",
  "producthierarchy_level3": "Marronibrot",
  "producthierarchy_level4": "",
  "producthierarchy_level5": "",
  "producthierarchy_level6": "",
  "producthierarchy_level7": "",
  "currency": "Swiss franc",
  "file_name_1": "5108672_1.jpg",
  "image_url_1": "https://sortiment.lidl.ch/media/catalog/product/cache/38c728e59b3a47950872534eff8a1e63/5/1/5108672_FKBF.jpg"
},
{
  "_id": {
    "$oid": "66f3a4fcd23ade1eec55fbbd"
  },
  "unique_id": "176513",
  "product_name": "Bio Eistee",
  "brand": "Freeway",
  "regular_price": 0.89,
  "selling_price": 0.89,
  "price_per_unit": "pro 1l",
  "breadcrumb": "Sortiment > Sortiment > Bio Eistee",
  "pdp_url": "https://sortiment.lidl.ch/de/bio-eistee-0176513",
  "product_description": "Artikelnr.: 176513",
  "producthierarchy_level1": "Sortiment",
  "producthierarchy_level2": "Sortiment",
  "producthierarchy_level3": "Bio Eistee",
  "producthierarchy_level4": "",
  "producthierarchy_level5": "",
  "producthierarchy_level6": "",
  "producthierarchy_level7": "",
  "currency": "Swiss franc",
  "file_name_1": "176513_1.jpg",
  "image_url_1": "https://sortiment.lidl.ch/media/catalog/product/cache/38c728e59b3a47950872534eff8a1e63/1/7/176513_Fruechte_PSXX.jpg",
  "file_name_2": "176513_2.jpg",
  "image_url_2": "https://sortiment.lidl.ch/media/catalog/product/cache/38c728e59b3a47950872534eff8a1e63/1/7/176513_Ingwer_PSXX.jpg",
  "file_name_3": "176513_3.jpg",
  "image_url_3": "https://sortiment.lidl.ch/media/catalog/product/cache/38c728e59b3a47950872534eff8a1e63/1/7/176513_Minze_PSXX.jpg"
},
{
  "_id": {
    "$oid": "66f3a4fdd23ade1eec55fbbe"
  },
  "unique_id": "32913",
  "product_name": "Linsen",
  "brand": "Freshona",
  "regular_price": 1.29,
  "selling_price": 1.29,
  "price_per_unit": "pro 260g (Abtropfgewicht) | 100g = 0.50 CHF",
  "breadcrumb": "Sortiment > Sortiment > Linsen",
  "pdp_url": "https://sortiment.lidl.ch/de/linsen-0032913",
  "product_description": "Artikelnr.: 32913",
  "producthierarchy_level1": "Sortiment",
  "producthierarchy_level2": "Sortiment",
  "producthierarchy_level3": "Linsen",
  "producthierarchy_level4": "",
  "producthierarchy_level5": "",
  "producthierarchy_level6": "",
  "producthierarchy_level7": "",
  "currency": "Swiss franc",
  "file_name_1": "32913_1.jpg",
  "image_url_1": "https://sortiment.lidl.ch/media/amasty/amoptmobile/catalog/product/cache/38c728e59b3a47950872534eff8a1e63/3/2/32913_PSXX.jpg"
},
{
  "_id": {
    "$oid": "66f3a4fed23ade1eec55fbbf"
  },
  "unique_id": "174802",
  "product_name": "Kräutertee",
  "brand": "Lord Nelson",
  "regular_price": 1.25,
  "selling_price": 1.25,
  "price_per_unit": "pro 50x1,2g | 100g = 2.09 CHF",
  "breadcrumb": "Sortiment > Sortiment > Kräutertee",
  "pdp_url": "https://sortiment.lidl.ch/de/kraeutertee-0174802",
  "product_description": "Artikelnr.: 174802",
  "producthierarchy_level1": "Sortiment",
  "producthierarchy_level2": "Sortiment",
  "producthierarchy_level3": "Kräutertee",
  "producthierarchy_level4": "",
  "producthierarchy_level5": "",
  "producthierarchy_level6": "",
  "producthierarchy_level7": "",
  "currency": "Swiss franc",
  "file_name_1": "174802_1.jpg",
  "image_url_1": "https://sortiment.lidl.ch/media/catalog/product/cache/38c728e59b3a47950872534eff8a1e63/1/7/174802_PSXX.jpg"
},
{
  "_id": {
    "$oid": "66f3a500d23ade1eec55fbc0"
  },
  "unique_id": "5110686",
  "product_name": "Rosenkohl",
  "brand": "Freshona",
  "regular_price": 3.99,
  "selling_price": 3.99,
  "price_per_unit": "pro 750g | 100g = 0.54 CHF",
  "breadcrumb": "Sortiment > Sortiment > Rosenkohl",
  "pdp_url": "https://sortiment.lidl.ch/de/rosenkohl-5110686",
  "product_description": "Artikelnr.: 5110686",
  "producthierarchy_level1": "Sortiment",
  "producthierarchy_level2": "Sortiment",
  "producthierarchy_level3": "Rosenkohl",
  "producthierarchy_level4": "",
  "producthierarchy_level5": "",
  "producthierarchy_level6": "",
  "producthierarchy_level7": "",
  "currency": "Swiss franc",
  "file_name_1": "5110686_1.jpg",
  "image_url_1": "https://sortiment.lidl.ch/media/catalog/product/cache/38c728e59b3a47950872534eff8a1e63/5/1/5110686_PSXX.jpg"
},
{
  "_id": {
    "$oid": "66f3a501d23ade1eec55fbc1"
  },
  "unique_id": "5110147",
  "product_name": "Wild Ravioli",
  "brand": "Chef Select",
  "regular_price": 4.99,
  "selling_price": 4.99,
  "price_per_unit": "pro 250g | 100g = 2.00 CHF",
  "breadcrumb": "Sortiment > Sortiment > Wild Ravioli",
  "pdp_url": "https://sortiment.lidl.ch/de/wild-ravioli-5110147",
  "product_description": "Artikelnr.: 5110147",
  "producthierarchy_level1": "Sortiment",
  "producthierarchy_level2": "Sortiment",
  "producthierarchy_level3": "Wild Ravioli",
  "producthierarchy_level4": "",
  "producthierarchy_level5": "",
  "producthierarchy_level6": "",
  "producthierarchy_level7": "",
  "currency": "Swiss franc",
  "file_name_1": "5110147_1.jpg",
  "image_url_1": "https://sortiment.lidl.ch/media/catalog/product/cache/38c728e59b3a47950872534eff8a1e63/5/1/5110147_Hirsch_PSXX.jpg",
  "file_name_2": "5110147_2.jpg",
  "image_url_2": "https://sortiment.lidl.ch/media/catalog/product/cache/38c728e59b3a47950872534eff8a1e63/5/1/5110147_Kuerbis_PSXX.jpg"
},
{
  "_id": {
    "$oid": "66f3a503d23ade1eec55fbc2"
  },
  "unique_id": "5110820",
  "product_name": "Raclette Scheiben mit Trüffel",
  "brand": "Deluxe",
  "regular_price": 8.99,
  "selling_price": 8.99,
  "price_per_unit": "pro 300g | 100g = 3.00 CHF",
  "breadcrumb": "Sortiment > Sortiment > Raclette Scheiben mit Trüffel",
  "pdp_url": "https://sortiment.lidl.ch/de/raclette-scheiben-mit-trueffel-5110820",
  "product_description": "Artikelnr.: 5110820",
  "producthierarchy_level1": "Sortiment",
  "producthierarchy_level2": "Sortiment",
  "producthierarchy_level3": "Raclette Scheiben mit Trüffel",
  "producthierarchy_level4": "",
  "producthierarchy_level5": "",
  "producthierarchy_level6": "",
  "producthierarchy_level7": "",
  "currency": "Swiss franc",
  "file_name_1": "5110820_1.jpg",
  "image_url_1": "https://sortiment.lidl.ch/media/catalog/product/cache/38c728e59b3a47950872534eff8a1e63/5/1/5110820_FKBF.jpg",
  "file_name_2": "5110820_2.jpg",
  "image_url_2": "https://sortiment.lidl.ch/media/catalog/product/cache/38c728e59b3a47950872534eff8a1e63/5/1/5110820_Trueffel_PSXX.jpg"
},
{
  "_id": {
    "$oid": "66f3a504d23ade1eec55fbc3"
  },
  "unique_id": "5109802",
  "product_name": "Bio Raclette Scheiben",
  "brand": "Fromani",
  "regular_price": 6.99,
  "selling_price": 6.99,
  "price_per_unit": "pro 300g | 100g = 2.33 CHF",
  "breadcrumb": "Sortiment > Sortiment > Bio Raclette Scheiben",
  "pdp_url": "https://sortiment.lidl.ch/de/bio-raclette-scheiben-5109802",
  "product_description": "Artikelnr.: 5109802",
  "producthierarchy_level1": "Sortiment",
  "producthierarchy_level2": "Sortiment",
  "producthierarchy_level3": "Bio Raclette Scheiben",
  "producthierarchy_level4": "",
  "producthierarchy_level5": "",
  "producthierarchy_level6": "",
  "producthierarchy_level7": "",
  "currency": "Swiss franc",
  "file_name_1": "5109802_1.jpg",
  "image_url_1": "https://sortiment.lidl.ch/media/catalog/product/cache/38c728e59b3a47950872534eff8a1e63/5/1/5109802_FKBF_1.jpg",
  "file_name_2": "5109802_2.jpg",
  "image_url_2": "https://sortiment.lidl.ch/media/catalog/product/cache/38c728e59b3a47950872534eff8a1e63/5/1/5109802_PSXX.jpg"
},
{
  "_id": {
    "$oid": "66f3a506d23ade1eec55fbc4"
  },
  "unique_id": "163576",
  "product_name": "Vlies Allzwecktücher",
  "brand": "W5",
  "regular_price": 1.79,
  "selling_price": 1.79,
  "price_per_unit": "pro 10 Stück",
  "breadcrumb": "Sortiment > Sortiment > Vlies Allzwecktücher",
  "pdp_url": "https://sortiment.lidl.ch/de/vlies-allzwecktuecher-0163576",
  "product_description": "Artikelnr.: 163576",
  "producthierarchy_level1": "Sortiment",
  "producthierarchy_level2": "Sortiment",
  "producthierarchy_level3": "Vlies Allzwecktücher",
  "producthierarchy_level4": "",
  "producthierarchy_level5": "",
  "producthierarchy_level6": "",
  "producthierarchy_level7": "",
  "currency": "Swiss franc",
  "file_name_1": "163576_1.jpg",
  "image_url_1": "https://sortiment.lidl.ch/media/catalog/product/cache/38c728e59b3a47950872534eff8a1e63/1/6/163576_PSXX.jpg"
},
{
  "_id": {
    "$oid": "66f3a508d23ade1eec55fbc5"
  },
  "unique_id": "5110727",
  "product_name": "Thermo Fire Sicherheitsbrennpaste",
  "brand": "Thermo Fire",
  "regular_price": 2.29,
  "selling_price": 2.29,
  "price_per_unit": "pro 3x80g | 100g = 0.96 CHF",
  "breadcrumb": "Sortiment > Sortiment > Thermo Fire Sicherheitsbrennpaste",
  "pdp_url": "https://sortiment.lidl.ch/de/thermo-fire-sicherheitsbrennpaste-5110727",
  "product_description": "Artikelnr.: 5110727",
  "producthierarchy_level1": "Sortiment",
  "producthierarchy_level2": "Sortiment",
  "producthierarchy_level3": "Thermo Fire Sicherheitsbrennpaste",
  "producthierarchy_level4": "",
  "producthierarchy_level5": "",
  "producthierarchy_level6": "",
  "producthierarchy_level7": "",
  "currency": "Swiss franc",
  "file_name_1": "5110727_1.jpg",
  "image_url_1": "https://sortiment.lidl.ch/media/catalog/product/cache/38c728e59b3a47950872534eff8a1e63/5/1/5110727_PSXX.jpg"
},
{
  "_id": {
    "$oid": "66f3a509d23ade1eec55fbc6"
  },
  "unique_id": "83331",
  "product_name": "Zwiebeln gelb 1kg",
  "brand": "Terra Natura",
  "regular_price": 2.09,
  "selling_price": 2.09,
  "price_per_unit": "pro 1kg",
  "breadcrumb": "Sortiment > Sortiment > Zwiebeln gelb 1kg",
  "pdp_url": "https://sortiment.lidl.ch/de/zwiebeln-gelb-1kg-0083331",
  "product_description": "Artikelnr.: 83331",
  "producthierarchy_level1": "Sortiment",
  "producthierarchy_level2": "Sortiment",
  "producthierarchy_level3": "Zwiebeln gelb 1kg",
  "producthierarchy_level4": "",
  "producthierarchy_level5": "",
  "producthierarchy_level6": "",
  "producthierarchy_level7": "",
  "currency": "Swiss franc",
  "file_name_1": "83331_1.jpg",
  "image_url_1": "https://sortiment.lidl.ch/media/catalog/product/cache/38c728e59b3a47950872534eff8a1e63/8/3/83331_OGFG.jpg"
},
{
  "_id": {
    "$oid": "66f3a50ad23ade1eec55fbc7"
  },
  "unique_id": "92961",
  "product_name": "Weisse Bohnen an Tomatensauce",
  "brand": "Freshona",
  "regular_price": 1.29,
  "selling_price": 1.29,
  "price_per_unit": "pro 420g (Abtropfgewicht) | 100g = 0.31 CHF",
  "breadcrumb": "Sortiment > Sortiment > Weisse Bohnen an Tomatensauce",
  "pdp_url": "https://sortiment.lidl.ch/de/weisse-bohnen-an-tomatensauce-0092961",
  "product_description": "Artikelnr.: 92961",
  "producthierarchy_level1": "Sortiment",
  "producthierarchy_level2": "Sortiment",
  "producthierarchy_level3": "Weisse Bohnen an Tomatensauce",
  "producthierarchy_level4": "",
  "producthierarchy_level5": "",
  "producthierarchy_level6": "",
  "producthierarchy_level7": "",
  "currency": "Swiss franc",
  "file_name_1": "92961_1.jpg",
  "image_url_1": "https://sortiment.lidl.ch/media/catalog/product/cache/38c728e59b3a47950872534eff8a1e63/9/2/92961_PSXX.jpg"
},
{
  "_id": {
    "$oid": "66f3a50cd23ade1eec55fbc8"
  },
  "unique_id": "6608467",
  "product_name": "Frisch gepresste Shots",
  "brand": "Chef Select",
  "regular_price": 1.69,
  "selling_price": 1.69,
  "price_per_unit": "pro 150ml | 1L = 11.27 CHF",
  "breadcrumb": "Sortiment > Sortiment > Frisch gepresste Shots",
  "pdp_url": "https://sortiment.lidl.ch/de/frisch-gepresste-shots-6608467",
  "product_description": "Artikelnr.: 6608467",
  "producthierarchy_level1": "Sortiment",
  "producthierarchy_level2": "Sortiment",
  "producthierarchy_level3": "Frisch gepresste Shots",
  "producthierarchy_level4": "",
  "producthierarchy_level5": "",
  "producthierarchy_level6": "",
  "producthierarchy_level7": "",
  "currency": "Swiss franc",
  "file_name_1": "6608467_1.jpg",
  "image_url_1": "https://sortiment.lidl.ch/media/catalog/product/cache/38c728e59b3a47950872534eff8a1e63/6/6/6608467_Ingwer_PSXX.jpg",
  "file_name_2": "6608467_2.jpg",
  "image_url_2": "https://sortiment.lidl.ch/media/catalog/product/cache/38c728e59b3a47950872534eff8a1e63/6/6/6608467_Kurkuma_PSXX.jpg"
},
{
  "_id": {
    "$oid": "66f3a50dd23ade1eec55fbc9"
  },
  "unique_id": "5110945",
  "product_name": "St. Galler Klosterschinken",
  "brand": "Maestade typisch",
  "regular_price": 3.99,
  "selling_price": 3.99,
  "price_per_unit": "pro 130g | 100g = 3.07 CHF",
  "breadcrumb": "Sortiment > Sortiment > St. Galler Klosterschinken",
  "pdp_url": "https://sortiment.lidl.ch/de/st-galler-klosterschinken-5110945",
  "product_description": "Artikelnr.: 5110945",
  "producthierarchy_level1": "Sortiment",
  "producthierarchy_level2": "Sortiment",
  "producthierarchy_level3": "St. Galler Klosterschinken",
  "producthierarchy_level4": "",
  "producthierarchy_level5": "",
  "producthierarchy_level6": "",
  "producthierarchy_level7": "",
  "currency": "Swiss franc",
  "file_name_1": "5110945_1.jpg",
  "image_url_1": "https://sortiment.lidl.ch/media/catalog/product/cache/38c728e59b3a47950872534eff8a1e63/5/1/5110945_FKBF.jpg"
},
{
  "_id": {
    "$oid": "66f3a50fd23ade1eec55fbca"
  },
  "unique_id": "178235",
  "product_name": "Hunde-Trockenfutter",
  "brand": "Orlando",
  "regular_price": 9.49,
  "selling_price": 9.49,
  "price_per_unit": "pro 10kg | 100g = 0.10 CHF",
  "breadcrumb": "Sortiment > Sortiment > Hunde-Trockenfutter",
  "pdp_url": "https://sortiment.lidl.ch/de/hunde-trockenfutter-0178235",
  "product_description": "Artikelnr.: 178235",
  "producthierarchy_level1": "Sortiment",
  "producthierarchy_level2": "Sortiment",
  "producthierarchy_level3": "Hunde-Trockenfutter",
  "producthierarchy_level4": "",
  "producthierarchy_level5": "",
  "producthierarchy_level6": "",
  "producthierarchy_level7": "",
  "currency": "Swiss franc",
  "file_name_1": "178235_1.jpg",
  "image_url_1": "https://sortiment.lidl.ch/media/catalog/product/cache/38c728e59b3a47950872534eff8a1e63/1/7/178235_Rind_PSXX.jpg"
},
{
  "_id": {
    "$oid": "66f3a511d23ade1eec55fbcb"
  },
  "unique_id": "5103294",
  "product_name": "Ofenschinken",
  "brand": "Maestade",
  "regular_price": 3.85,
  "selling_price": 3.85,
  "price_per_unit": "pro 130g | 100g = 2.97 CHF",
  "breadcrumb": "Sortiment > Sortiment > Ofenschinken",
  "pdp_url": "https://sortiment.lidl.ch/de/ofenschinken-5103294",
  "product_description": "Artikelnr.: 5103294",
  "producthierarchy_level1": "Sortiment",
  "producthierarchy_level2": "Sortiment",
  "producthierarchy_level3": "Ofenschinken",
  "producthierarchy_level4": "",
  "producthierarchy_level5": "",
  "producthierarchy_level6": "",
  "producthierarchy_level7": "",
  "currency": "Swiss franc",
  "file_name_1": "5103294_1.jpg",
  "image_url_1": "https://sortiment.lidl.ch/media/catalog/product/cache/38c728e59b3a47950872534eff8a1e63/5/1/5103294_FKBF.jpg",
  "file_name_2": "5103294_2.jpg",
  "image_url_2": "https://sortiment.lidl.ch/media/catalog/product/cache/38c728e59b3a47950872534eff8a1e63/5/1/5103294_PSXX.jpg"
},
{
  "_id": {
    "$oid": "66f3a512d23ade1eec55fbcc"
  },
  "unique_id": "5005230",
  "product_name": "Bio Poulet Ganz",
  "brand": "Carnesi",
  "regular_price": 1.39,
  "selling_price": 1.39,
  "price_per_unit": "pro 100g, ca. 1,5kg",
  "breadcrumb": "Sortiment > Sortiment > Bio Poulet Ganz",
  "pdp_url": "https://sortiment.lidl.ch/de/bio-poulet-ganz-5005230",
  "product_description": "Artikelnr.: 5005230",
  "producthierarchy_level1": "Sortiment",
  "producthierarchy_level2": "Sortiment",
  "producthierarchy_level3": "Bio Poulet Ganz",
  "producthierarchy_level4": "",
  "producthierarchy_level5": "",
  "producthierarchy_level6": "",
  "producthierarchy_level7": "",
  "currency": "Swiss franc",
  "file_name_1": "5005230_1.jpg",
  "image_url_1": "https://sortiment.lidl.ch/media/catalog/product/cache/38c728e59b3a47950872534eff8a1e63/5/0/5005230_FKBF_1.jpg",
  "file_name_2": "5005230_2.jpg",
  "image_url_2": "https://sortiment.lidl.ch/media/catalog/product/cache/38c728e59b3a47950872534eff8a1e63/5/0/5005230_PSXX.jpg"
},
{
  "_id": {
    "$oid": "66f3a514d23ade1eec55fbcd"
  },
  "unique_id": "128944",
  "product_name": "Bio Basmati Reis",
  "brand": "Golden Sun",
  "regular_price": 1.79,
  "selling_price": 1.79,
  "price_per_unit": "pro 500g | 100g = 0.36 CHF",
  "breadcrumb": "Sortiment > Sortiment > Bio Basmati Reis",
  "pdp_url": "https://sortiment.lidl.ch/de/bio-basmati-reis-0128944",
  "product_description": "Artikelnr.: 128944",
  "producthierarchy_level1": "Sortiment",
  "producthierarchy_level2": "Sortiment",
  "producthierarchy_level3": "Bio Basmati Reis",
  "producthierarchy_level4": "",
  "producthierarchy_level5": "",
  "producthierarchy_level6": "",
  "producthierarchy_level7": "",
  "currency": "Swiss franc",
  "file_name_1": "128944_1.jpg",
  "image_url_1": "https://sortiment.lidl.ch/media/catalog/product/cache/38c728e59b3a47950872534eff8a1e63/1/2/128944_PSXX.jpg"
},
{
  "_id": {
    "$oid": "66f3a515d23ade1eec55fbce"
  },
  "unique_id": "142012",
  "product_name": "Skyr Frucht",
  "brand": "Milbona",
  "regular_price": 2.35,
  "selling_price": 2.35,
  "price_per_unit": "pro 500g | 100g = 0.47 CHF",
  "breadcrumb": "Sortiment > Sortiment > Skyr Frucht",
  "pdp_url": "https://sortiment.lidl.ch/de/skyr-frucht-0142012",
  "product_description": "Artikelnr.: 142012",
  "producthierarchy_level1": "Sortiment",
  "producthierarchy_level2": "Sortiment",
  "producthierarchy_level3": "Skyr Frucht",
  "producthierarchy_level4": "",
  "producthierarchy_level5": "",
  "producthierarchy_level6": "",
  "producthierarchy_level7": "",
  "currency": "Swiss franc",
  "file_name_1": "142012_1.jpg",
  "image_url_1": "https://sortiment.lidl.ch/media/catalog/product/cache/38c728e59b3a47950872534eff8a1e63/1/4/142012_Erdbeere_PSXX.jpg",
  "file_name_2": "142012_2.jpg",
  "image_url_2": "https://sortiment.lidl.ch/media/catalog/product/cache/38c728e59b3a47950872534eff8a1e63/1/4/142012_Heidelbeere_PSXX.jpg",
  "file_name_3": "142012_3.jpg",
  "image_url_3": "https://sortiment.lidl.ch/media/catalog/product/cache/38c728e59b3a47950872534eff8a1e63/1/4/142012_Himbeere_PSXX.jpg",
  "file_name_4": "142012_4.jpg",
  "image_url_4": "https://sortiment.lidl.ch/media/catalog/product/cache/38c728e59b3a47950872534eff8a1e63/1/4/142012_Vanille_PSXX.jpg"
},
{
  "_id": {
    "$oid": "66f3a516d23ade1eec55fbcf"
  },
  "unique_id": "5103787",
  "product_name": "TIN Küchenreiniger",
  "brand": "",
  "regular_price": 1.39,
  "selling_price": 1.39,
  "price_per_unit": "pro 1l",
  "breadcrumb": "Sortiment > Sortiment > TIN Küchenreiniger",
  "pdp_url": "https://sortiment.lidl.ch/de/tin-kuechenreiniger-5103787",
  "product_description": "Artikelnr.: 5103787",
  "producthierarchy_level1": "Sortiment",
  "producthierarchy_level2": "Sortiment",
  "producthierarchy_level3": "TIN Küchenreiniger",
  "producthierarchy_level4": "",
  "producthierarchy_level5": "",
  "producthierarchy_level6": "",
  "producthierarchy_level7": "",
  "currency": "Swiss franc",
  "file_name_1": "5103787_1.jpg",
  "image_url_1": "https://sortiment.lidl.ch/media/catalog/product/cache/38c728e59b3a47950872534eff8a1e63/5/1/5103787_PSXX.jpg"
},
{
  "_id": {
    "$oid": "66f3a517d23ade1eec55fbd0"
  },
  "unique_id": "93093",
  "product_name": "Grapefruit",
  "brand": "Freeway",
  "regular_price": 0.59,
  "selling_price": 0.59,
  "price_per_unit": "pro 1,5l | 1L = 0.40 CHF",
  "breadcrumb": "Sortiment > Sortiment > Grapefruit",
  "pdp_url": "https://sortiment.lidl.ch/de/grapefruit-0093093",
  "product_description": "Artikelnr.: 93093",
  "producthierarchy_level1": "Sortiment",
  "producthierarchy_level2": "Sortiment",
  "producthierarchy_level3": "Grapefruit",
  "producthierarchy_level4": "",
  "producthierarchy_level5": "",
  "producthierarchy_level6": "",
  "producthierarchy_level7": "",
  "currency": "Swiss franc",
  "file_name_1": "93093_1.jpg",
  "image_url_1": "https://sortiment.lidl.ch/media/catalog/product/cache/38c728e59b3a47950872534eff8a1e63/9/3/93093_Light_PSXX.jpg",
  "file_name_2": "93093_2.jpg",
  "image_url_2": "https://sortiment.lidl.ch/media/catalog/product/cache/38c728e59b3a47950872534eff8a1e63/9/3/93093_PSXX.jpg"
},
{
  "_id": {
    "$oid": "66f3a519d23ade1eec55fbd1"
  },
  "unique_id": "176614",
  "product_name": "Spritz",
  "brand": "Bitterol",
  "regular_price": 3.89,
  "selling_price": 3.89,
  "price_per_unit": "pro 0,75l | 1L = 5.19 CHF",
  "breadcrumb": "Sortiment > Sortiment > Spritz",
  "pdp_url": "https://sortiment.lidl.ch/de/spritz-0176614",
  "product_description": "Artikelnr.: 176614",
  "producthierarchy_level1": "Sortiment",
  "producthierarchy_level2": "Sortiment",
  "producthierarchy_level3": "Spritz",
  "producthierarchy_level4": "",
  "producthierarchy_level5": "",
  "producthierarchy_level6": "",
  "producthierarchy_level7": "",
  "currency": "Swiss franc",
  "file_name_1": "176614_1.jpg",
  "image_url_1": "https://sortiment.lidl.ch/media/catalog/product/cache/38c728e59b3a47950872534eff8a1e63/1/7/176614_PSWE.jpg"
},
{
  "_id": {
    "$oid": "66f3a51ad23ade1eec55fbd2"
  },
  "unique_id": "180059",
  "product_name": "Kräutertee",
  "brand": "Lord Nelson",
  "regular_price": 1.35,
  "selling_price": 1.35,
  "price_per_unit": "pro 25x2g, 25x3g | 100g = 2.70, 1.80 CHF",
  "breadcrumb": "Sortiment > Sortiment > Kräutertee",
  "pdp_url": "https://sortiment.lidl.ch/de/kraeutertee-0180059",
  "product_description": "Artikelnr.: 180059",
  "producthierarchy_level1": "Sortiment",
  "producthierarchy_level2": "Sortiment",
  "producthierarchy_level3": "Kräutertee",
  "producthierarchy_level4": "",
  "producthierarchy_level5": "",
  "producthierarchy_level6": "",
  "producthierarchy_level7": "",
  "currency": "Swiss franc",
  "file_name_1": "180059_1.jpg",
  "image_url_1": "https://sortiment.lidl.ch/media/catalog/product/cache/38c728e59b3a47950872534eff8a1e63/1/8/180059_Brennessel_PSXX.jpg",
  "file_name_2": "180059_2.jpg",
  "image_url_2": "https://sortiment.lidl.ch/media/catalog/product/cache/38c728e59b3a47950872534eff8a1e63/1/8/180059_Fenchel_PSXX.jpg"
},
{
  "_id": {
    "$oid": "66f3a51bd23ade1eec55fbd3"
  },
  "unique_id": "139082",
  "product_name": "Bio Gemüsepfanne gewürzt",
  "brand": "Freshona",
  "regular_price": 3.79,
  "selling_price": 3.79,
  "price_per_unit": "pro 600g | 100g = 0.64 CHF",
  "breadcrumb": "Sortiment > Sortiment > Bio Gemüsepfanne gewürzt",
  "pdp_url": "https://sortiment.lidl.ch/de/bio-gemuesepfanne-gewuerzt-0139082",
  "product_description": "Artikelnr.: 139082",
  "producthierarchy_level1": "Sortiment",
  "producthierarchy_level2": "Sortiment",
  "producthierarchy_level3": "Bio Gemüsepfanne gewürzt",
  "producthierarchy_level4": "",
  "producthierarchy_level5": "",
  "producthierarchy_level6": "",
  "producthierarchy_level7": "",
  "currency": "Swiss franc",
  "file_name_1": "139082_1.jpg",
  "image_url_1": "https://sortiment.lidl.ch/media/catalog/product/cache/38c728e59b3a47950872534eff8a1e63/1/3/139082_Asiatisch_PSXX.jpg",
  "file_name_2": "139082_2.jpg",
  "image_url_2": "https://sortiment.lidl.ch/media/catalog/product/cache/38c728e59b3a47950872534eff8a1e63/1/3/139082_mediterran_PSXX.jpg"
},
{
  "_id": {
    "$oid": "66f3a51dd23ade1eec55fbd4"
  },
  "unique_id": "171981",
  "product_name": "Waffelröllchen mit Schokolade",
  "brand": "Sondey",
  "regular_price": 1.59,
  "selling_price": 1.59,
  "price_per_unit": "pro 125g | 100g = 1.28 CHF",
  "breadcrumb": "Sortiment > Sortiment > Waffelröllchen mit Schokolade",
  "pdp_url": "https://sortiment.lidl.ch/de/waffelroellchen-mit-schokolade-0171981",
  "product_description": "Artikelnr.: 171981",
  "producthierarchy_level1": "Sortiment",
  "producthierarchy_level2": "Sortiment",
  "producthierarchy_level3": "Waffelröllchen mit Schokolade",
  "producthierarchy_level4": "",
  "producthierarchy_level5": "",
  "producthierarchy_level6": "",
  "producthierarchy_level7": "",
  "currency": "Swiss franc",
  "file_name_1": "171981_1.jpg",
  "image_url_1": "https://sortiment.lidl.ch/media/catalog/product/cache/38c728e59b3a47950872534eff8a1e63/1/7/171981_DarkChocolate_PSXX.jpg"
},
{
  "_id": {
    "$oid": "66f3a520d23ade1eec55fbd5"
  },
  "unique_id": "5110992",
  "product_name": "Nestlé Frühstücks-Cerealien Mini",
  "brand": "Nestlé",
  "regular_price": 4.39,
  "selling_price": 4.39,
  "price_per_unit": "pro 200g | 100g = 2.20 CHF",
  "breadcrumb": "Sortiment > Sortiment > Nestlé Frühstücks-Cerealien Mini",
  "pdp_url": "https://sortiment.lidl.ch/de/nestle-fruehstuecks-cerealien-mini-5110992",
  "product_description": "Artikelnr.: 5110992",
  "producthierarchy_level1": "Sortiment",
  "producthierarchy_level2": "Sortiment",
  "producthierarchy_level3": "Nestlé Frühstücks-Cerealien Mini",
  "producthierarchy_level4": "",
  "producthierarchy_level5": "",
  "producthierarchy_level6": "",
  "producthierarchy_level7": "",
  "currency": "Swiss franc",
  "file_name_1": "5110992_1.jpg",
  "image_url_1": "https://sortiment.lidl.ch/media/catalog/product/cache/38c728e59b3a47950872534eff8a1e63/5/1/5110992_CerealienMini_PSXX.jpg"
},
{
  "_id": {
    "$oid": "66f3a522d23ade1eec55fbd6"
  },
  "unique_id": "5110568",
  "product_name": "Rindshackfleisch",
  "brand": "Bonvalle",
  "regular_price": 5.79,
  "selling_price": 5.79,
  "price_per_unit": "pro 300g | 100g = 1.93 CHF",
  "breadcrumb": "Sortiment > Sortiment > Rindshackfleisch",
  "pdp_url": "https://sortiment.lidl.ch/de/rindshackfleisch-5110568",
  "product_description": "Artikelnr.: 5110568",
  "producthierarchy_level1": "Sortiment",
  "producthierarchy_level2": "Sortiment",
  "producthierarchy_level3": "Rindshackfleisch",
  "producthierarchy_level4": "",
  "producthierarchy_level5": "",
  "producthierarchy_level6": "",
  "producthierarchy_level7": "",
  "currency": "Swiss franc",
  "file_name_1": "5110568_1.jpg",
  "image_url_1": "https://sortiment.lidl.ch/media/catalog/product/cache/38c728e59b3a47950872534eff8a1e63/5/1/5110568_FKBF.jpg",
  "file_name_2": "5110568_2.jpg",
  "image_url_2": "https://sortiment.lidl.ch/media/catalog/product/cache/38c728e59b3a47950872534eff8a1e63/5/1/5110568_PSXX.jpg"
},
{
  "_id": {
    "$oid": "66f3a523d23ade1eec55fbd7"
  },
  "unique_id": "157734",
  "product_name": "Kakaopulver",
  "brand": "Belbake",
  "regular_price": 3.29,
  "selling_price": 3.29,
  "price_per_unit": "pro 250g | 100g = 1.32 CHF",
  "breadcrumb": "Sortiment > Sortiment > Kakaopulver",
  "pdp_url": "https://sortiment.lidl.ch/de/kakaopulver-0157734",
  "product_description": "Artikelnr.: 157734",
  "producthierarchy_level1": "Sortiment",
  "producthierarchy_level2": "Sortiment",
  "producthierarchy_level3": "Kakaopulver",
  "producthierarchy_level4": "",
  "producthierarchy_level5": "",
  "producthierarchy_level6": "",
  "producthierarchy_level7": "",
  "currency": "Swiss franc",
  "file_name_1": "157734_1.jpg",
  "image_url_1": "https://sortiment.lidl.ch/media/catalog/product/cache/38c728e59b3a47950872534eff8a1e63/1/5/157734_PSXX.jpg"
},
{
  "_id": {
    "$oid": "66f3a525d23ade1eec55fbd8"
  },
  "unique_id": "172342",
  "product_name": "Bio Datteln Deglet Nour",
  "brand": "Alesto",
  "regular_price": 2.49,
  "selling_price": 2.49,
  "price_per_unit": "pro 250g | 100g = 1.00 CHF",
  "breadcrumb": "Sortiment > Sortiment > Bio Datteln Deglet Nour",
  "pdp_url": "https://sortiment.lidl.ch/de/bio-datteln-deglet-nour-0172342",
  "product_description": "Artikelnr.: 172342",
  "producthierarchy_level1": "Sortiment",
  "producthierarchy_level2": "Sortiment",
  "producthierarchy_level3": "Bio Datteln Deglet Nour",
  "producthierarchy_level4": "",
  "producthierarchy_level5": "",
  "producthierarchy_level6": "",
  "producthierarchy_level7": "",
  "currency": "Swiss franc",
  "file_name_1": "172342_1.jpg",
  "image_url_1": "https://sortiment.lidl.ch/media/catalog/product/cache/38c728e59b3a47950872534eff8a1e63/1/7/172342_PSXX.jpg"
},
{
  "_id": {
    "$oid": "66f3a526d23ade1eec55fbd9"
  },
  "unique_id": "174801",
  "product_name": "Kamillentee",
  "brand": "Lord Nelson",
  "regular_price": 0.95,
  "selling_price": 0.95,
  "price_per_unit": "pro 50x1,2g | 100g = 1.59 CHF",
  "breadcrumb": "Sortiment > Sortiment > Kamillentee",
  "pdp_url": "https://sortiment.lidl.ch/de/kamillentee-0174801",
  "product_description": "Artikelnr.: 174801",
  "producthierarchy_level1": "Sortiment",
  "producthierarchy_level2": "Sortiment",
  "producthierarchy_level3": "Kamillentee",
  "producthierarchy_level4": "",
  "producthierarchy_level5": "",
  "producthierarchy_level6": "",
  "producthierarchy_level7": "",
  "currency": "Swiss franc",
  "file_name_1": "174801_1.jpg",
  "image_url_1": "https://sortiment.lidl.ch/media/catalog/product/cache/38c728e59b3a47950872534eff8a1e63/1/7/174801_PSXX.jpg"
},
{
  "_id": {
    "$oid": "66f3a527d23ade1eec55fbda"
  },
  "unique_id": "27100",
  "product_name": "Premium Katzen-Trockenfutter",
  "brand": "Coshida Selection",
  "regular_price": 2.49,
  "selling_price": 2.49,
  "price_per_unit": "pro 750g | 100g = 0.34 CHF",
  "breadcrumb": "Sortiment > Sortiment > Premium Katzen-Trockenfutter",
  "pdp_url": "https://sortiment.lidl.ch/de/premium-katzen-trockenfutter-0027100",
  "product_description": "Artikelnr.: 27100",
  "producthierarchy_level1": "Sortiment",
  "producthierarchy_level2": "Sortiment",
  "producthierarchy_level3": "Premium Katzen-Trockenfutter",
  "producthierarchy_level4": "",
  "producthierarchy_level5": "",
  "producthierarchy_level6": "",
  "producthierarchy_level7": "",
  "currency": "Swiss franc",
  "file_name_1": "27100_1.jpg",
  "image_url_1": "https://sortiment.lidl.ch/media/catalog/product/cache/38c728e59b3a47950872534eff8a1e63/2/7/27100_Adult_PSXX.jpg",
  "file_name_2": "27100_2.jpg",
  "image_url_2": "https://sortiment.lidl.ch/media/catalog/product/cache/38c728e59b3a47950872534eff8a1e63/2/7/27100_Kitten_PSXX.jpg",
  "file_name_3": "27100_3.jpg",
  "image_url_3": "https://sortiment.lidl.ch/media/catalog/product/cache/38c728e59b3a47950872534eff8a1e63/2/7/27100_Sterilled_PSXX.jpg"
},
{
  "_id": {
    "$oid": "66f3a529d23ade1eec55fbdb"
  },
  "unique_id": "5110531",
  "product_name": "Cotto",
  "brand": "Maestade",
  "regular_price": 2.99,
  "selling_price": 2.99,
  "price_per_unit": "pro 150g | 100g = 2.00 CHF",
  "breadcrumb": "Sortiment > Sortiment > Cotto",
  "pdp_url": "https://sortiment.lidl.ch/de/cotto-5110531",
  "product_description": "Artikelnr.: 5110531",
  "producthierarchy_level1": "Sortiment",
  "producthierarchy_level2": "Sortiment",
  "producthierarchy_level3": "Cotto",
  "producthierarchy_level4": "",
  "producthierarchy_level5": "",
  "producthierarchy_level6": "",
  "producthierarchy_level7": "",
  "currency": "Swiss franc",
  "file_name_1": "5110531_1.jpg",
  "image_url_1": "https://sortiment.lidl.ch/media/catalog/product/cache/38c728e59b3a47950872534eff8a1e63/5/1/5110531_FKBF.jpg",
  "file_name_2": "5110531_2.jpg",
  "image_url_2": "https://sortiment.lidl.ch/media/catalog/product/cache/38c728e59b3a47950872534eff8a1e63/5/1/5110531_PSXX.jpg"
},
{
  "_id": {
    "$oid": "66f3a52ad23ade1eec55fbdc"
  },
  "unique_id": "5110542",
  "product_name": "Bio Holzofen Knusperspitz",
  "brand": "",
  "regular_price": 3.69,
  "selling_price": 3.69,
  "price_per_unit": "pro 380g | 100g = 0.98 CHF",
  "breadcrumb": "Sortiment > Sortiment > Bio Holzofen Knusperspitz",
  "pdp_url": "https://sortiment.lidl.ch/de/bio-holzofen-knusperspitz-5110542",
  "product_description": "Artikelnr.: 5110542 Bio Spezialbrot mit Roggensauerteig. Zutaten: 63% Weizenmehl1 [weiss, halbweiss, vollkorn], Wasser, 5% Sauerteig [Wasser, Roggenvollkornmehl1 , Hefe1], Hartweizengriess1 , Speisesalz jodiert, Hefe1 frisch, Weizenprotein1 , Gerstenmalzmehl1, Acerolapulver1 (auf Stärke), Oblade [Maisstärke1, Kartoffelstärke1, Kakaopulver1, Karamell1, Emulgator: Sonnenblumenlecithine1]. Kann Spuren von Ei, Erdnüsse, Soja, Milch, Schalenfrüchte (Nüsse), Sellerie, Senf, Sesam und Sulfiten enthalten. 1aus biologischer Landwirtschaft. Hergestellt in der Schweiz. CH-BIO-006.",
  "producthierarchy_level1": "Sortiment",
  "producthierarchy_level2": "Sortiment",
  "producthierarchy_level3": "Bio Holzofen Knusperspitz",
  "producthierarchy_level4": "",
  "producthierarchy_level5": "",
  "producthierarchy_level6": "",
  "producthierarchy_level7": "",
  "currency": "Swiss franc",
  "file_name_1": "5110542_1.jpg",
  "image_url_1": "https://sortiment.lidl.ch/media/catalog/product/cache/38c728e59b3a47950872534eff8a1e63/5/1/5110542_FKBF.jpg"
},
{
  "_id": {
    "$oid": "66f3a52bd23ade1eec55fbdd"
  },
  "unique_id": "5110549",
  "product_name": "Schweinsschnitzel paniert",
  "brand": "Terra Natura",
  "regular_price": 7.99,
  "selling_price": 7.99,
  "price_per_unit": "pro 380g | 100g = 2.11 CHF",
  "breadcrumb": "Sortiment > Sortiment > Schweinsschnitzel paniert",
  "pdp_url": "https://sortiment.lidl.ch/de/schweinsschnitzel-paniert-5110549",
  "product_description": "Artikelnr.: 5110549",
  "producthierarchy_level1": "Sortiment",
  "producthierarchy_level2": "Sortiment",
  "producthierarchy_level3": "Schweinsschnitzel paniert",
  "producthierarchy_level4": "",
  "producthierarchy_level5": "",
  "producthierarchy_level6": "",
  "producthierarchy_level7": "",
  "currency": "Swiss franc",
  "file_name_1": "5110549_1.jpg",
  "image_url_1": "https://sortiment.lidl.ch/media/catalog/product/cache/38c728e59b3a47950872534eff8a1e63/5/1/5110549_FKBF.jpg",
  "file_name_2": "5110549_2.jpg",
  "image_url_2": "https://sortiment.lidl.ch/media/catalog/product/cache/38c728e59b3a47950872534eff8a1e63/5/1/5110549_PSXX.jpg"
},
{
  "_id": {
    "$oid": "66f3a52dd23ade1eec55fbde"
  },
  "unique_id": "157202",
  "product_name": "Pure Taste Hundenassnahrung",
  "brand": "Orlando Pure Taste",
  "regular_price": 1.19,
  "selling_price": 1.19,
  "price_per_unit": "pro 150g | 100g = 0.80 CHF",
  "breadcrumb": "Sortiment > Sortiment > Pure Taste Hundenassnahrung",
  "pdp_url": "https://sortiment.lidl.ch/de/pure-taste-hundenassnahrung-0157202",
  "product_description": "Artikelnr.: 157202",
  "producthierarchy_level1": "Sortiment",
  "producthierarchy_level2": "Sortiment",
  "producthierarchy_level3": "Pure Taste Hundenassnahrung",
  "producthierarchy_level4": "",
  "producthierarchy_level5": "",
  "producthierarchy_level6": "",
  "producthierarchy_level7": "",
  "currency": "Swiss franc",
  "file_name_1": "157202_1.jpg",
  "image_url_1": "https://sortiment.lidl.ch/media/catalog/product/cache/38c728e59b3a47950872534eff8a1e63/1/5/157202_Huhn_PSXX.jpg",
  "file_name_2": "157202_2.jpg",
  "image_url_2": "https://sortiment.lidl.ch/media/catalog/product/cache/38c728e59b3a47950872534eff8a1e63/1/5/157202_Rind_PSXX.jpg"
},
{
  "_id": {
    "$oid": "66f3a52ed23ade1eec55fbdf"
  },
  "unique_id": "5708844",
  "product_name": "Magnesium + Vitamin B6",
  "brand": "Optisana vital",
  "regular_price": 2.39,
  "selling_price": 2.39,
  "price_per_unit": "pro 90 Stück | 1 Stk = 0.03 CHF",
  "breadcrumb": "Sortiment > Sortiment > Magnesium + Vitamin B6",
  "pdp_url": "https://sortiment.lidl.ch/de/magnesium-vitamin-b6-5708844",
  "product_description": "Artikelnr.: 5708844",
  "producthierarchy_level1": "Sortiment",
  "producthierarchy_level2": "Sortiment",
  "producthierarchy_level3": "Magnesium + Vitamin B6",
  "producthierarchy_level4": "",
  "producthierarchy_level5": "",
  "producthierarchy_level6": "",
  "producthierarchy_level7": "",
  "currency": "Swiss franc",
  "file_name_1": "5708844_1.jpg",
  "image_url_1": "https://sortiment.lidl.ch/media/catalog/product/cache/38c728e59b3a47950872534eff8a1e63/5/7/5708844_PSXX.jpg"
},
{
  "_id": {
    "$oid": "66f3a52fd23ade1eec55fbe0"
  },
  "unique_id": "147399",
  "product_name": "Toastbrötchen",
  "brand": "Tastino",
  "regular_price": 1.99,
  "selling_price": 1.99,
  "price_per_unit": "pro 335g | 100g = 0.60 CHF",
  "breadcrumb": "Sortiment > Sortiment > Toastbrötchen",
  "pdp_url": "https://sortiment.lidl.ch/de/toastbroetchen-0147399",
  "product_description": "Artikelnr.: 147399",
  "producthierarchy_level1": "Sortiment",
  "producthierarchy_level2": "Sortiment",
  "producthierarchy_level3": "Toastbrötchen",
  "producthierarchy_level4": "",
  "producthierarchy_level5": "",
  "producthierarchy_level6": "",
  "producthierarchy_level7": "",
  "currency": "Swiss franc",
  "file_name_1": "147399_1.jpg",
  "image_url_1": "https://sortiment.lidl.ch/media/catalog/product/cache/38c728e59b3a47950872534eff8a1e63/1/4/147399_Mehrkorn_PSXX_1.jpg",
  "file_name_2": "147399_2.jpg",
  "image_url_2": "https://sortiment.lidl.ch/media/catalog/product/cache/38c728e59b3a47950872534eff8a1e63/1/4/147399_Weizen_PSXX.jpg"
},
{
  "_id": {
    "$oid": "66f3a530d23ade1eec55fbe1"
  },
  "unique_id": "69994",
  "product_name": "Mega Burger Brötli",
  "brand": "Tastino",
  "regular_price": 1.89,
  "selling_price": 1.89,
  "price_per_unit": "pro 300g | 100g = 0.63 CHF",
  "breadcrumb": "Sortiment > Sortiment > Mega Burger Brötli",
  "pdp_url": "https://sortiment.lidl.ch/de/mega-burger-broetli-0069994",
  "product_description": "Artikelnr.: 69994",
  "producthierarchy_level1": "Sortiment",
  "producthierarchy_level2": "Sortiment",
  "producthierarchy_level3": "Mega Burger Brötli",
  "producthierarchy_level4": "",
  "producthierarchy_level5": "",
  "producthierarchy_level6": "",
  "producthierarchy_level7": "",
  "currency": "Swiss franc",
  "file_name_1": "69994_1.jpg",
  "image_url_1": "https://sortiment.lidl.ch/media/catalog/product/cache/38c728e59b3a47950872534eff8a1e63/6/9/69994_PSXX.jpg"
},
{
  "_id": {
    "$oid": "66f3a532d23ade1eec55fbe2"
  },
  "unique_id": "5110766",
  "product_name": "Camille Bloch Torino",
  "brand": "Camille Bloch",
  "regular_price": 2.35,
  "selling_price": 2.35,
  "price_per_unit": "pro 46g | 100g = 5.11 CHF",
  "breadcrumb": "Sortiment > Sortiment > Camille Bloch Torino",
  "pdp_url": "https://sortiment.lidl.ch/de/camille-bloch-torino-5110766",
  "product_description": "Artikelnr.: 5110766",
  "producthierarchy_level1": "Sortiment",
  "producthierarchy_level2": "Sortiment",
  "producthierarchy_level3": "Camille Bloch Torino",
  "producthierarchy_level4": "",
  "producthierarchy_level5": "",
  "producthierarchy_level6": "",
  "producthierarchy_level7": "",
  "currency": "Swiss franc",
  "file_name_1": "5110766_1.jpg",
  "image_url_1": "https://sortiment.lidl.ch/media/catalog/product/cache/38c728e59b3a47950872534eff8a1e63/5/1/5110766_PSXX.jpg"
},
{
  "_id": {
    "$oid": "66f3a533d23ade1eec55fbe3"
  },
  "unique_id": "5110764",
  "product_name": "Camille Bloch Ragusa Classique",
  "brand": "Camille Bloch",
  "regular_price": 2.39,
  "selling_price": 2.39,
  "price_per_unit": "pro 50g | 100g = 4.78 CHF",
  "breadcrumb": "Sortiment > Sortiment > Camille Bloch Ragusa Classique",
  "pdp_url": "https://sortiment.lidl.ch/de/camille-bloch-ragusa-classique-5110764",
  "product_description": "Artikelnr.: 5110764",
  "producthierarchy_level1": "Sortiment",
  "producthierarchy_level2": "Sortiment",
  "producthierarchy_level3": "Camille Bloch Ragusa Classique",
  "producthierarchy_level4": "",
  "producthierarchy_level5": "",
  "producthierarchy_level6": "",
  "producthierarchy_level7": "",
  "currency": "Swiss franc",
  "file_name_1": "5110764_1.jpg",
  "image_url_1": "https://sortiment.lidl.ch/media/catalog/product/cache/38c728e59b3a47950872534eff8a1e63/5/1/5110764_PSXX.jpg"
},
{
  "_id": {
    "$oid": "66f3a535d23ade1eec55fbe4"
  },
  "unique_id": "119747",
  "product_name": "Bio Pistazien",
  "brand": "Alesto",
  "regular_price": 3.69,
  "selling_price": 3.69,
  "price_per_unit": "pro 150g | 100g = 2.46 CHF",
  "breadcrumb": "Sortiment > Sortiment > Bio Pistazien",
  "pdp_url": "https://sortiment.lidl.ch/de/bio-pistazien-0119747",
  "product_description": "Artikelnr.: 119747",
  "producthierarchy_level1": "Sortiment",
  "producthierarchy_level2": "Sortiment",
  "producthierarchy_level3": "Bio Pistazien",
  "producthierarchy_level4": "",
  "producthierarchy_level5": "",
  "producthierarchy_level6": "",
  "producthierarchy_level7": "",
  "currency": "Swiss franc",
  "file_name_1": "119747_1.jpg",
  "image_url_1": "https://sortiment.lidl.ch/media/catalog/product/cache/38c728e59b3a47950872534eff8a1e63/1/1/119747_PSXX.jpg"
},
{
  "_id": {
    "$oid": "66f3a536d23ade1eec55fbe5"
  },
  "unique_id": "170666",
  "product_name": "Woköl Thai",
  "brand": "Vitasia",
  "regular_price": 3.85,
  "selling_price": 3.85,
  "price_per_unit": "pro 250ml | 1L = 15.40 CHF",
  "breadcrumb": "Sortiment > Sortiment > Woköl Thai",
  "pdp_url": "https://sortiment.lidl.ch/de/wokoel-thai-0170666",
  "product_description": "Artikelnr.: 170666",
  "producthierarchy_level1": "Sortiment",
  "producthierarchy_level2": "Sortiment",
  "producthierarchy_level3": "Woköl Thai",
  "producthierarchy_level4": "",
  "producthierarchy_level5": "",
  "producthierarchy_level6": "",
  "producthierarchy_level7": "",
  "currency": "Swiss franc",
  "file_name_1": "170666_1.jpg",
  "image_url_1": "https://sortiment.lidl.ch/media/catalog/product/cache/38c728e59b3a47950872534eff8a1e63/1/7/170666_Erdnussoel_PSXX.jpg",
  "file_name_2": "170666_2.jpg",
  "image_url_2": "https://sortiment.lidl.ch/media/catalog/product/cache/38c728e59b3a47950872534eff8a1e63/1/7/170666_VitaDor_PSXX.jpg",
  "file_name_3": "170666_3.jpg",
  "image_url_3": "https://sortiment.lidl.ch/media/catalog/product/cache/38c728e59b3a47950872534eff8a1e63/1/7/170666_Wokoel_PSXX.jpg"
},
{
  "_id": {
    "$oid": "66f3a537d23ade1eec55fbe6"
  },
  "unique_id": "5110961",
  "product_name": "ASC Pangasius-Knusperli",
  "brand": "Fisher's Choice",
  "regular_price": 3.95,
  "selling_price": 3.95,
  "price_per_unit": "pro 240g | 100g = 1.65 CHF",
  "breadcrumb": "Sortiment > Sortiment > ASC Pangasius-Knusperli",
  "pdp_url": "https://sortiment.lidl.ch/de/asc-pangasius-knusperli-5110961",
  "product_description": "Artikelnr.: 5110961",
  "producthierarchy_level1": "Sortiment",
  "producthierarchy_level2": "Sortiment",
  "producthierarchy_level3": "ASC Pangasius-Knusperli",
  "producthierarchy_level4": "",
  "producthierarchy_level5": "",
  "producthierarchy_level6": "",
  "producthierarchy_level7": "",
  "currency": "Swiss franc",
  "file_name_1": "5110961_1.jpg",
  "image_url_1": "https://sortiment.lidl.ch/media/amasty/amoptmobile/catalog/product/cache/38c728e59b3a47950872534eff8a1e63/5/1/5110961_FKBF.jpg"
},
{
  "_id": {
    "$oid": "66f3a539d23ade1eec55fbe7"
  },
  "unique_id": "5110873",
  "product_name": "Nestlé Milchbrei",
  "brand": "Nestlé",
  "regular_price": 8.89,
  "selling_price": 8.89,
  "price_per_unit": "pro 450g | 100g = 1.98 CHF",
  "breadcrumb": "Sortiment > Sortiment > Nestlé Milchbrei",
  "pdp_url": "https://sortiment.lidl.ch/de/nestle-milchbrei-5110873",
  "product_description": "Artikelnr.: 5110873",
  "producthierarchy_level1": "Sortiment",
  "producthierarchy_level2": "Sortiment",
  "producthierarchy_level3": "Nestlé Milchbrei",
  "producthierarchy_level4": "",
  "producthierarchy_level5": "",
  "producthierarchy_level6": "",
  "producthierarchy_level7": "",
  "currency": "Swiss franc",
  "file_name_1": "5110873_1.jpg",
  "image_url_1": "https://sortiment.lidl.ch/media/catalog/product/cache/38c728e59b3a47950872534eff8a1e63/5/1/5110873_PSXX.jpg"
},
{
  "_id": {
    "$oid": "66f3a53bd23ade1eec55fbe8"
  },
  "unique_id": "5110872",
  "product_name": "Nestlé Milchbrei Banane, Erdbeere",
  "brand": "Nestlé",
  "regular_price": 8.89,
  "selling_price": 8.89,
  "price_per_unit": "pro 450g | 100g = 1.98 CHF",
  "breadcrumb": "Sortiment > Sortiment > Nestlé Milchbrei Banane, Erdbeere",
  "pdp_url": "https://sortiment.lidl.ch/de/nestle-milchbrei-banane-erdbeere-5110872",
  "product_description": "Artikelnr.: 5110872",
  "producthierarchy_level1": "Sortiment",
  "producthierarchy_level2": "Sortiment",
  "producthierarchy_level3": "Nestlé Milchbrei Banane, Erdbeere",
  "producthierarchy_level4": "",
  "producthierarchy_level5": "",
  "producthierarchy_level6": "",
  "producthierarchy_level7": "",
  "currency": "Swiss franc",
  "file_name_1": "5110872_1.jpg",
  "image_url_1": "https://sortiment.lidl.ch/media/catalog/product/cache/38c728e59b3a47950872534eff8a1e63/5/1/5110872_BananeErdbeerVollk_PSXX.jpg"
},
{
  "_id": {
    "$oid": "66f3a53cd23ade1eec55fbe9"
  },
  "unique_id": "164255",
  "product_name": "Bio Holzofenbrot dunkel",
  "brand": "",
  "regular_price": 3.49,
  "selling_price": 3.49,
  "price_per_unit": "pro 380g | 100g = 0.92 CHF",
  "breadcrumb": "Sortiment > Sortiment > Bio Holzofenbrot dunkel",
  "pdp_url": "https://sortiment.lidl.ch/de/bio-holzofenbrot-dunkel-0164255",
  "product_description": "Artikelnr.: 164255 Bio Holzofenbrot  dunkel. Zutaten: Weizenmehl 1, Wasser, Roggenmehl 1, Weizenvollkornmehl 1, Hefe1, Weizenschrot 1, Speisesalz, Weizenröstmalzmehl 1, Haferflocken 1, Leinsamen1, Weizensauerteig 1, Weizenkleber 1, Kürbiskerne1 , Sonnenblumenkerne1, Weizenkeime 1, Milcheiweiss 1, Oblate1 (Maisstärke1, Kartoffelstärke1, Kakaopulver1, Zucker1, karamellisierter Zucker1, Emulgator: Lecithine [Sonnenblume]1), Acerolafruchtpulver (auf Maniokstärke- und Maltodextrinbasis), Enzyme. 1aus  biologischer Landwirtschaft. Kann Spuren von Eiern, Erdnüssen, Soja, Schalenfrüchte (Nüsse), Sellerie, Senf, Sesam und Sulfiten enthalten. Hergestellt in der Schweiz. CH-BIO-006",
  "producthierarchy_level1": "Sortiment",
  "producthierarchy_level2": "Sortiment",
  "producthierarchy_level3": "Bio Holzofenbrot dunkel",
  "producthierarchy_level4": "",
  "producthierarchy_level5": "",
  "producthierarchy_level6": "",
  "producthierarchy_level7": "",
  "currency": "Swiss franc",
  "file_name_1": "164255_1.jpg",
  "image_url_1": "https://sortiment.lidl.ch/media/catalog/product/cache/38c728e59b3a47950872534eff8a1e63/1/6/164255_FKBF_1.jpg"
},
{
  "_id": {
    "$oid": "66f3a53dd23ade1eec55fbea"
  },
  "unique_id": "164253",
  "product_name": "Bio Holzofenbrot hell",
  "brand": "",
  "regular_price": 3.49,
  "selling_price": 3.49,
  "price_per_unit": "pro 380g | 100g = 0.92 CHF",
  "breadcrumb": "Sortiment > Sortiment > Bio Holzofenbrot hell",
  "pdp_url": "https://sortiment.lidl.ch/de/bio-holzofenbrot-hell-0164253",
  "product_description": "Artikelnr.: 164253 Bio Holzofenbrot hell. Zutaten: Weizenmehl 1, Wasser, Roggenmehl 1, Hefe1, Speisesalz, Weizenkleber 1, Weizensauerteig 1, Milcheiweiss 1, Oblate1 (Maisstärke1, Kartoffelstärke1, Kakaopulver1, Zucker1, karamellisierter Zucker1, Emulgator: Lecithine [Sonnenblume]1), Acerolafruchtpulver1 (auf Maniokstärke- und Maltodextrinbasis), Enzyme. 1aus biologischer Landwirtschaft. Kann Spuren von Eiern, Erdnüssen, Soja, Schalenfrüchte (Nüsse), Sellerie, Senf, Sesam und Sulfiten enthalten. Hergestellt in der Schweiz. CH-BIO-006",
  "producthierarchy_level1": "Sortiment",
  "producthierarchy_level2": "Sortiment",
  "producthierarchy_level3": "Bio Holzofenbrot hell",
  "producthierarchy_level4": "",
  "producthierarchy_level5": "",
  "producthierarchy_level6": "",
  "producthierarchy_level7": "",
  "currency": "Swiss franc",
  "file_name_1": "164253_1.jpg",
  "image_url_1": "https://sortiment.lidl.ch/media/catalog/product/cache/38c728e59b3a47950872534eff8a1e63/1/6/164253_FKBF_1.jpg"
},
{
  "_id": {
    "$oid": "66f3a53ed23ade1eec55fbeb"
  },
  "unique_id": "171796",
  "product_name": "Apfelmus",
  "brand": "Les Vergers Gourmands",
  "regular_price": 1.99,
  "selling_price": 1.99,
  "price_per_unit": "pro 4x100g | 100g = 0.50 CHF",
  "breadcrumb": "Sortiment > Sortiment > Apfelmus",
  "pdp_url": "https://sortiment.lidl.ch/de/apfelmus-0171796",
  "product_description": "Artikelnr.: 171796",
  "producthierarchy_level1": "Sortiment",
  "producthierarchy_level2": "Sortiment",
  "producthierarchy_level3": "Apfelmus",
  "producthierarchy_level4": "",
  "producthierarchy_level5": "",
  "producthierarchy_level6": "",
  "producthierarchy_level7": "",
  "currency": "Swiss franc",
  "file_name_1": "171796_1.jpg",
  "image_url_1": "https://sortiment.lidl.ch/media/catalog/product/cache/38c728e59b3a47950872534eff8a1e63/1/7/171796_Ungesuesst_PSXX.jpg"
},
{
  "_id": {
    "$oid": "66f3a540d23ade1eec55fbec"
  },
  "unique_id": "179946",
  "product_name": "Frühlingsrollen",
  "brand": "Culinea",
  "regular_price": 3.95,
  "selling_price": 3.95,
  "price_per_unit": "pro 400g | 100g = 0.99 CHF",
  "breadcrumb": "Sortiment > Sortiment > Frühlingsrollen",
  "pdp_url": "https://sortiment.lidl.ch/de/fruehlingsrollen-0179946",
  "product_description": "Artikelnr.: 179946",
  "producthierarchy_level1": "Sortiment",
  "producthierarchy_level2": "Sortiment",
  "producthierarchy_level3": "Frühlingsrollen",
  "producthierarchy_level4": "",
  "producthierarchy_level5": "",
  "producthierarchy_level6": "",
  "producthierarchy_level7": "",
  "currency": "Swiss franc",
  "file_name_1": "179946_1.jpg",
  "image_url_1": "https://sortiment.lidl.ch/media/catalog/product/cache/38c728e59b3a47950872534eff8a1e63/1/7/179946_ChickenVitasia_PSXX.jpg",
  "file_name_2": "179946_2.jpg",
  "image_url_2": "https://sortiment.lidl.ch/media/catalog/product/cache/38c728e59b3a47950872534eff8a1e63/1/7/179946_Chicken_PSXX.jpg",
  "file_name_3": "179946_3.jpg",
  "image_url_3": "https://sortiment.lidl.ch/media/catalog/product/cache/38c728e59b3a47950872534eff8a1e63/1/7/179946_Mini_PSXX.jpg",
  "file_name_4": "179946_4.jpg",
  "image_url_4": "https://sortiment.lidl.ch/media/catalog/product/cache/38c728e59b3a47950872534eff8a1e63/1/7/179946_Vegetables_PSXX.jpg",
  "file_name_5": "179946_5.jpg",
  "image_url_5": "https://sortiment.lidl.ch/media/catalog/product/cache/38c728e59b3a47950872534eff8a1e63/1/7/179946_VegetarischVitasia_PSXX.jpg"
},
{
  "_id": {
    "$oid": "66f3a541d23ade1eec55fbed"
  },
  "unique_id": "5110376",
  "product_name": "Pommes Frites 2.5kg",
  "brand": "Harvest Basket",
  "regular_price": 8.49,
  "selling_price": 8.49,
  "price_per_unit": "pro 2500g | 100g = 0.34 CHF",
  "breadcrumb": "Sortiment > Sortiment > Pommes Frites 2.5kg",
  "pdp_url": "https://sortiment.lidl.ch/de/pommes-frites-2-5kg-5110376",
  "product_description": "Artikelnr.: 5110376",
  "producthierarchy_level1": "Sortiment",
  "producthierarchy_level2": "Sortiment",
  "producthierarchy_level3": "Pommes Frites 2.5kg",
  "producthierarchy_level4": "",
  "producthierarchy_level5": "",
  "producthierarchy_level6": "",
  "producthierarchy_level7": "",
  "currency": "Swiss franc",
  "file_name_1": "5110376_1.jpg",
  "image_url_1": "https://sortiment.lidl.ch/media/catalog/product/cache/38c728e59b3a47950872534eff8a1e63/5/1/5110376_PSXX.jpg"
},
{
  "_id": {
    "$oid": "66f3a542d23ade1eec55fbee"
  },
  "unique_id": "12874",
  "product_name": "Majoran",
  "brand": "Kania",
  "regular_price": 0.69,
  "selling_price": 0.69,
  "price_per_unit": "pro 10g | 100g = 6.90 CHF",
  "breadcrumb": "Sortiment > Sortiment > Majoran",
  "pdp_url": "https://sortiment.lidl.ch/de/majoran-0012874",
  "product_description": "Artikelnr.: 12874",
  "producthierarchy_level1": "Sortiment",
  "producthierarchy_level2": "Sortiment",
  "producthierarchy_level3": "Majoran",
  "producthierarchy_level4": "",
  "producthierarchy_level5": "",
  "producthierarchy_level6": "",
  "producthierarchy_level7": "",
  "currency": "Swiss franc",
  "file_name_1": "12874_1.jpg",
  "image_url_1": "https://sortiment.lidl.ch/media/catalog/product/cache/38c728e59b3a47950872534eff8a1e63/1/2/12874_PSXX.jpg"
},
{
  "_id": {
    "$oid": "66f3a544d23ade1eec55fbef"
  },
  "unique_id": "5110443",
  "product_name": "Trecce di Mozzarella",
  "brand": "",
  "regular_price": 3.59,
  "selling_price": 3.59,
  "price_per_unit": "pro 200g | 100g = 1.80 CHF",
  "breadcrumb": "Sortiment > Sortiment > Trecce di Mozzarella",
  "pdp_url": "https://sortiment.lidl.ch/de/trecce-di-mozzarella-5110443",
  "product_description": "Artikelnr.: 5110443",
  "producthierarchy_level1": "Sortiment",
  "producthierarchy_level2": "Sortiment",
  "producthierarchy_level3": "Trecce di Mozzarella",
  "producthierarchy_level4": "",
  "producthierarchy_level5": "",
  "producthierarchy_level6": "",
  "producthierarchy_level7": "",
  "currency": "Swiss franc",
  "file_name_1": "5110443_1.jpg",
  "image_url_1": "https://sortiment.lidl.ch/media/catalog/product/cache/38c728e59b3a47950872534eff8a1e63/5/1/5110443_PSXX.jpg",
  "file_name_2": "5110443_2.jpg",
  "image_url_2": "https://sortiment.lidl.ch/media/catalog/product/cache/38c728e59b3a47950872534eff8a1e63/5/1/5110443_Trecce_FKBF.jpg"
},
{
  "_id": {
    "$oid": "66f3a545d23ade1eec55fbf0"
  },
  "unique_id": "5110389",
  "product_name": "Fuchs Rahmglace Erdbeer",
  "brand": "Gelatelli",
  "regular_price": 5.99,
  "selling_price": 5.99,
  "price_per_unit": "pro 12x60ml | 1L = 8.32 CHF",
  "breadcrumb": "Sortiment > Sortiment > Fuchs Rahmglace Erdbeer",
  "pdp_url": "https://sortiment.lidl.ch/de/fuchs-rahmglace-erdbeer-5110389",
  "product_description": "Artikelnr.: 5110389",
  "producthierarchy_level1": "Sortiment",
  "producthierarchy_level2": "Sortiment",
  "producthierarchy_level3": "Fuchs Rahmglace Erdbeer",
  "producthierarchy_level4": "",
  "producthierarchy_level5": "",
  "producthierarchy_level6": "",
  "producthierarchy_level7": "",
  "currency": "Swiss franc",
  "file_name_1": "5110389_1.jpg",
  "image_url_1": "https://sortiment.lidl.ch/media/catalog/product/cache/38c728e59b3a47950872534eff8a1e63/5/1/5110389_PSXX.jpg"
},
{
  "_id": {
    "$oid": "66f3a546d23ade1eec55fbf1"
  },
  "unique_id": "5110388",
  "product_name": "Steinbock Rahmglace Schokolade",
  "brand": "Gelatelli",
  "regular_price": 5.99,
  "selling_price": 5.99,
  "price_per_unit": "pro 12x60ml | 1L = 8.32 CHF",
  "breadcrumb": "Sortiment > Sortiment > Steinbock Rahmglace Schokolade",
  "pdp_url": "https://sortiment.lidl.ch/de/steinbock-rahmglace-schokolade-5110388",
  "product_description": "Artikelnr.: 5110388",
  "producthierarchy_level1": "Sortiment",
  "producthierarchy_level2": "Sortiment",
  "producthierarchy_level3": "Steinbock Rahmglace Schokolade",
  "producthierarchy_level4": "",
  "producthierarchy_level5": "",
  "producthierarchy_level6": "",
  "producthierarchy_level7": "",
  "currency": "Swiss franc",
  "file_name_1": "5110388_1.jpg",
  "image_url_1": "https://sortiment.lidl.ch/media/amasty/amoptmobile/catalog/product/cache/38c728e59b3a47950872534eff8a1e63/5/1/5110388_PSXX.jpg"
},
{
  "_id": {
    "$oid": "66f3a548d23ade1eec55fbf2"
  },
  "unique_id": "5110387",
  "product_name": "Eule Rahmglace Vanille",
  "brand": "Gelatelli",
  "regular_price": 5.99,
  "selling_price": 5.99,
  "price_per_unit": "pro 12x60ml | 1L = 8.32 CHF",
  "breadcrumb": "Sortiment > Sortiment > Eule Rahmglace Vanille",
  "pdp_url": "https://sortiment.lidl.ch/de/eule-rahmglace-vanille-5110387",
  "product_description": "Artikelnr.: 5110387",
  "producthierarchy_level1": "Sortiment",
  "producthierarchy_level2": "Sortiment",
  "producthierarchy_level3": "Eule Rahmglace Vanille",
  "producthierarchy_level4": "",
  "producthierarchy_level5": "",
  "producthierarchy_level6": "",
  "producthierarchy_level7": "",
  "currency": "Swiss franc",
  "file_name_1": "5110387_1.jpg",
  "image_url_1": "https://sortiment.lidl.ch/media/catalog/product/cache/38c728e59b3a47950872534eff8a1e63/5/1/5110387_PSXX.jpg"
},
{
  "_id": {
    "$oid": "66f3a549d23ade1eec55fbf3"
  },
  "unique_id": "5110449",
  "product_name": "Bio Speckwürfeli",
  "brand": "Maestade",
  "regular_price": 4.49,
  "selling_price": 4.49,
  "price_per_unit": "pro 2x80g | 100g = 2.81 CHF",
  "breadcrumb": "Sortiment > Sortiment > Bio Speckwürfeli",
  "pdp_url": "https://sortiment.lidl.ch/de/bio-speckwuerfeli-5110449",
  "product_description": "Artikelnr.: 5110449",
  "producthierarchy_level1": "Sortiment",
  "producthierarchy_level2": "Sortiment",
  "producthierarchy_level3": "Bio Speckwürfeli",
  "producthierarchy_level4": "",
  "producthierarchy_level5": "",
  "producthierarchy_level6": "",
  "producthierarchy_level7": "",
  "currency": "Swiss franc",
  "file_name_1": "5110449_1.jpg",
  "image_url_1": "https://sortiment.lidl.ch/media/catalog/product/cache/38c728e59b3a47950872534eff8a1e63/5/1/5110449_FKBF.jpg",
  "file_name_2": "5110449_2.jpg",
  "image_url_2": "https://sortiment.lidl.ch/media/catalog/product/cache/38c728e59b3a47950872534eff8a1e63/5/1/5110449_PSXX.jpg"
},
{
  "_id": {
    "$oid": "66f3a54ad23ade1eec55fbf4"
  },
  "unique_id": "5148",
  "product_name": "Johannisberg de Chamoson AOC",
  "brand": "",
  "regular_price": 10.99,
  "selling_price": 10.99,
  "price_per_unit": "pro 0,75l | 1L = 14.66 CHF",
  "breadcrumb": "Sortiment > Sortiment > Johannisberg de Chamoson AOC",
  "pdp_url": "https://sortiment.lidl.ch/de/johannisberg-de-chamoson-aoc-0005148",
  "product_description": "Artikelnr.: 5148",
  "producthierarchy_level1": "Sortiment",
  "producthierarchy_level2": "Sortiment",
  "producthierarchy_level3": "Johannisberg de Chamoson AOC",
  "producthierarchy_level4": "",
  "producthierarchy_level5": "",
  "producthierarchy_level6": "",
  "producthierarchy_level7": "",
  "currency": "Swiss franc",
  "file_name_1": "5148_1.jpg",
  "image_url_1": "https://sortiment.lidl.ch/media/catalog/product/cache/38c728e59b3a47950872534eff8a1e63/5/1/5148_PSWE.jpg"
},
{
  "_id": {
    "$oid": "66f3a54bd23ade1eec55fbf5"
  },
  "unique_id": "151481",
  "product_name": "Mineralwasser",
  "brand": "Saskia",
  "regular_price": 2.39,
  "selling_price": 2.39,
  "price_per_unit": "pro 9x0,5l | 1L = 0.54 CHF",
  "breadcrumb": "Sortiment > Sortiment > Mineralwasser",
  "pdp_url": "https://sortiment.lidl.ch/de/mineralwasser-0151481",
  "product_description": "Artikelnr.: 151481",
  "producthierarchy_level1": "Sortiment",
  "producthierarchy_level2": "Sortiment",
  "producthierarchy_level3": "Mineralwasser",
  "producthierarchy_level4": "",
  "producthierarchy_level5": "",
  "producthierarchy_level6": "",
  "producthierarchy_level7": "",
  "currency": "Swiss franc",
  "file_name_1": "151481_1.jpg",
  "image_url_1": "https://sortiment.lidl.ch/media/amasty/amoptmobile/catalog/product/cache/38c728e59b3a47950872534eff8a1e63/1/5/151481_PSXX.jpg"
},
{
  "_id": {
    "$oid": "66f3a54dd23ade1eec55fbf6"
  },
  "unique_id": "173945",
  "product_name": "Heidelbeeren",
  "brand": "Freshona",
  "regular_price": 3.59,
  "selling_price": 3.59,
  "price_per_unit": "pro 500g | 100g = 0.72 CHF",
  "breadcrumb": "Sortiment > Sortiment > Heidelbeeren",
  "pdp_url": "https://sortiment.lidl.ch/de/heidelbeeren-0173945",
  "product_description": "Artikelnr.: 173945",
  "producthierarchy_level1": "Sortiment",
  "producthierarchy_level2": "Sortiment",
  "producthierarchy_level3": "Heidelbeeren",
  "producthierarchy_level4": "",
  "producthierarchy_level5": "",
  "producthierarchy_level6": "",
  "producthierarchy_level7": "",
  "currency": "Swiss franc",
  "file_name_1": "173945_1.jpg",
  "image_url_1": "https://sortiment.lidl.ch/media/catalog/product/cache/38c728e59b3a47950872534eff8a1e63/1/7/173945_PSXX.jpg"
},
{
  "_id": {
    "$oid": "66f3a54fd23ade1eec55fbf7"
  },
  "unique_id": "26475",
  "product_name": "Apfelstrudel",
  "brand": "Confiserie Firenze",
  "regular_price": 2.99,
  "selling_price": 2.99,
  "price_per_unit": "pro 600g | 100g = 0.50 CHF",
  "breadcrumb": "Sortiment > Sortiment > Apfelstrudel",
  "pdp_url": "https://sortiment.lidl.ch/de/apfelstrudel-0026475",
  "product_description": "Artikelnr.: 26475",
  "producthierarchy_level1": "Sortiment",
  "producthierarchy_level2": "Sortiment",
  "producthierarchy_level3": "Apfelstrudel",
  "producthierarchy_level4": "",
  "producthierarchy_level5": "",
  "producthierarchy_level6": "",
  "producthierarchy_level7": "",
  "currency": "Swiss franc",
  "file_name_1": "26475_1.jpg",
  "image_url_1": "https://sortiment.lidl.ch/media/catalog/product/cache/38c728e59b3a47950872534eff8a1e63/2/6/26475_PSXX.jpg"
},
{
  "_id": {
    "$oid": "66f3a550d23ade1eec55fbf8"
  },
  "unique_id": "82761",
  "product_name": "Rüebli 1kg",
  "brand": "Terra Natura",
  "regular_price": 1.69,
  "selling_price": 1.69,
  "price_per_unit": "pro 1kg",
  "breadcrumb": "Sortiment > Sortiment > Rüebli 1kg",
  "pdp_url": "https://sortiment.lidl.ch/de/rueebli-1kg-0082761",
  "product_description": "Artikelnr.: 82761",
  "producthierarchy_level1": "Sortiment",
  "producthierarchy_level2": "Sortiment",
  "producthierarchy_level3": "Rüebli 1kg",
  "producthierarchy_level4": "",
  "producthierarchy_level5": "",
  "producthierarchy_level6": "",
  "producthierarchy_level7": "",
  "currency": "Swiss franc",
  "file_name_1": "82761_1.jpg",
  "image_url_1": "https://sortiment.lidl.ch/media/catalog/product/cache/38c728e59b3a47950872534eff8a1e63/8/2/82761_PSXX.jpg"
},
{
  "_id": {
    "$oid": "66f3a551d23ade1eec55fbf9"
  },
  "unique_id": "161514",
  "product_name": "Honey Bubbles/ Cereal Cookies",
  "brand": "Crownfield",
  "regular_price": 2.99,
  "selling_price": 2.99,
  "price_per_unit": "pro 500g | 100g = 0.60 CHF",
  "breadcrumb": "Sortiment > Sortiment > Honey Bubbles/ Cereal Cookies",
  "pdp_url": "https://sortiment.lidl.ch/de/honey-bubbles-cereal-cookies-0161514",
  "product_description": "Artikelnr.: 161514",
  "producthierarchy_level1": "Sortiment",
  "producthierarchy_level2": "Sortiment",
  "producthierarchy_level3": "Honey Bubbles/ Cereal Cookies",
  "producthierarchy_level4": "",
  "producthierarchy_level5": "",
  "producthierarchy_level6": "",
  "producthierarchy_level7": "",
  "currency": "Swiss franc",
  "file_name_1": "161514_1.jpg",
  "image_url_1": "https://sortiment.lidl.ch/media/catalog/product/cache/38c728e59b3a47950872534eff8a1e63/1/6/161514_Cereal_Cookies_PSXX.jpg",
  "file_name_2": "161514_2.jpg",
  "image_url_2": "https://sortiment.lidl.ch/media/catalog/product/cache/38c728e59b3a47950872534eff8a1e63/1/6/161514_Honey_Balls_PSXX.jpg"
},
{
  "_id": {
    "$oid": "66f3a552d23ade1eec55fbfa"
  },
  "unique_id": "155009",
  "product_name": "Mochis",
  "brand": "Vitasia",
  "regular_price": 3.49,
  "selling_price": 3.49,
  "price_per_unit": "pro 6x30g | 100g = 1.94 CHF",
  "breadcrumb": "Sortiment > Sortiment > Mochis",
  "pdp_url": "https://sortiment.lidl.ch/de/mochis-0155009",
  "product_description": "Artikelnr.: 155009 Angebot solange Vorrat.",
  "producthierarchy_level1": "Sortiment",
  "producthierarchy_level2": "Sortiment",
  "producthierarchy_level3": "Mochis",
  "producthierarchy_level4": "",
  "producthierarchy_level5": "",
  "producthierarchy_level6": "",
  "producthierarchy_level7": "",
  "currency": "Swiss franc",
  "file_name_1": "155009_1.jpg",
  "image_url_1": "https://sortiment.lidl.ch/media/catalog/product/cache/38c728e59b3a47950872534eff8a1e63/1/5/155009_Black_Sesame_PSXX.jpg",
  "file_name_2": "155009_2.jpg",
  "image_url_2": "https://sortiment.lidl.ch/media/catalog/product/cache/38c728e59b3a47950872534eff8a1e63/1/5/155009_Lemon_Yuzu_PSXX.jpg",
  "file_name_3": "155009_3.jpg",
  "image_url_3": "https://sortiment.lidl.ch/media/catalog/product/cache/38c728e59b3a47950872534eff8a1e63/1/5/155009_Raspberry_Litchi_PSXX.jpg"
},
{
  "_id": {
    "$oid": "66f3a553d23ade1eec55fbfb"
  },
  "unique_id": "90903",
  "product_name": "Wattepads gross oval",
  "brand": "Cien",
  "regular_price": 1.49,
  "selling_price": 1.49,
  "price_per_unit": "pro 70 Stück",
  "breadcrumb": "Sortiment > Sortiment > Wattepads gross oval",
  "pdp_url": "https://sortiment.lidl.ch/de/wattepads-gross-oval-0090903",
  "product_description": "Artikelnr.: 90903",
  "producthierarchy_level1": "Sortiment",
  "producthierarchy_level2": "Sortiment",
  "producthierarchy_level3": "Wattepads gross oval",
  "producthierarchy_level4": "",
  "producthierarchy_level5": "",
  "producthierarchy_level6": "",
  "producthierarchy_level7": "",
  "currency": "Swiss franc",
  "file_name_1": "90903_1.jpg",
  "image_url_1": "https://sortiment.lidl.ch/media/catalog/product/cache/38c728e59b3a47950872534eff8a1e63/9/0/90903_PSXX.jpg"
},
{
  "_id": {
    "$oid": "66f3a554d23ade1eec55fbfc"
  },
  "unique_id": "123661",
  "product_name": "Bio Kürbiskerne",
  "brand": "Alesto",
  "regular_price": 1.99,
  "selling_price": 1.99,
  "price_per_unit": "pro 150g | 100g = 1.33 CHF",
  "breadcrumb": "Sortiment > Sortiment > Bio Kürbiskerne",
  "pdp_url": "https://sortiment.lidl.ch/de/bio-kuerbiskerne-0123661",
  "product_description": "Artikelnr.: 123661",
  "producthierarchy_level1": "Sortiment",
  "producthierarchy_level2": "Sortiment",
  "producthierarchy_level3": "Bio Kürbiskerne",
  "producthierarchy_level4": "",
  "producthierarchy_level5": "",
  "producthierarchy_level6": "",
  "producthierarchy_level7": "",
  "currency": "Swiss franc",
  "file_name_1": "123661_1.jpg",
  "image_url_1": "https://sortiment.lidl.ch/media/amasty/amoptmobile/catalog/product/cache/38c728e59b3a47950872534eff8a1e63/1/2/123661_PSXX.jpg"
},
{
  "_id": {
    "$oid": "66f3a556d23ade1eec55fbfd"
  },
  "unique_id": "170108",
  "product_name": "Duca di Sasseta Rosso Toscana",
  "brand": "Duca di Sasseta",
  "regular_price": 7.99,
  "selling_price": 3.99,
  "price_per_unit": "pro 0,75l | 1L = 5.32 CHF",
  "breadcrumb": "Sortiment > Sortiment > Duca di Sasseta Rosso Toscana",
  "pdp_url": "https://sortiment.lidl.ch/de/duca-di-sasseta-rosso-toscana-0170108",
  "product_description": "Artikelnr.: 170108",
  "producthierarchy_level1": "Sortiment",
  "producthierarchy_level2": "Sortiment",
  "producthierarchy_level3": "Duca di Sasseta Rosso Toscana",
  "producthierarchy_level4": "",
  "producthierarchy_level5": "",
  "producthierarchy_level6": "",
  "producthierarchy_level7": "",
  "currency": "Swiss franc",
  "file_name_1": "170108_1.jpg",
  "image_url_1": "https://sortiment.lidl.ch/media/catalog/product/cache/38c728e59b3a47950872534eff8a1e63/1/7/170108_PSWE.jpg"
},
{
  "_id": {
    "$oid": "66f3a557d23ade1eec55fbfe"
  },
  "unique_id": "36258",
  "product_name": "Tempranillo DOP",
  "brand": "Mezquiriz",
  "regular_price": 4.95,
  "selling_price": 4.95,
  "price_per_unit": "pro 0,75l | 1L = 6.60 CHF",
  "breadcrumb": "Sortiment > Sortiment > Tempranillo DOP",
  "pdp_url": "https://sortiment.lidl.ch/de/tempranillo-dop-0036258",
  "product_description": "Artikelnr.: 36258",
  "producthierarchy_level1": "Sortiment",
  "producthierarchy_level2": "Sortiment",
  "producthierarchy_level3": "Tempranillo DOP",
  "producthierarchy_level4": "",
  "producthierarchy_level5": "",
  "producthierarchy_level6": "",
  "producthierarchy_level7": "",
  "currency": "Swiss franc",
  "file_name_1": "36258_1.jpg",
  "image_url_1": "https://sortiment.lidl.ch/media/amasty/amoptmobile/catalog/product/cache/38c728e59b3a47950872534eff8a1e63/3/6/36258_PSWE.jpg"
},
{
  "_id": {
    "$oid": "66f3a558d23ade1eec55fbff"
  },
  "unique_id": "5110651",
  "product_name": "Yogi Tea Bio",
  "brand": "Yogi Tea",
  "regular_price": 4.29,
  "selling_price": 4.29,
  "price_per_unit": "pro 17 Stück | 1 Stk = 0.26 CHF",
  "breadcrumb": "Sortiment > Sortiment > Yogi Tea Bio",
  "pdp_url": "https://sortiment.lidl.ch/de/yogi-tea-bio-5110651",
  "product_description": "Artikelnr.: 5110651",
  "producthierarchy_level1": "Sortiment",
  "producthierarchy_level2": "Sortiment",
  "producthierarchy_level3": "Yogi Tea Bio",
  "producthierarchy_level4": "",
  "producthierarchy_level5": "",
  "producthierarchy_level6": "",
  "producthierarchy_level7": "",
  "currency": "Swiss franc",
  "file_name_1": "5110651_1.jpg",
  "image_url_1": "https://sortiment.lidl.ch/media/catalog/product/cache/38c728e59b3a47950872534eff8a1e63/5/1/5110651_Abend_PSXX.jpg",
  "file_name_2": "5110651_2.jpg",
  "image_url_2": "https://sortiment.lidl.ch/media/catalog/product/cache/38c728e59b3a47950872534eff8a1e63/5/1/5110651_Classic_PSXX.jpg",
  "file_name_3": "5110651_3.jpg",
  "image_url_3": "https://sortiment.lidl.ch/media/catalog/product/cache/38c728e59b3a47950872534eff8a1e63/5/1/5110651_Frauenpower_PSXX.jpg",
  "file_name_4": "5110651_4.jpg",
  "image_url_4": "https://sortiment.lidl.ch/media/catalog/product/cache/38c728e59b3a47950872534eff8a1e63/5/1/5110651_Ingwer_Zitrone_PSXX.jpg",
  "file_name_5": "5110651_5.jpg",
  "image_url_5": "https://sortiment.lidl.ch/media/catalog/product/cache/38c728e59b3a47950872534eff8a1e63/5/1/5110651_Sweet_Chai_PSXX.jpg"
},
{
  "_id": {
    "$oid": "66f3a559d23ade1eec55fc00"
  },
  "unique_id": "8716",
  "product_name": "Coca-Cola Zero",
  "brand": "Coca-Cola",
  "regular_price": 11.89,
  "selling_price": 11.89,
  "price_per_unit": "pro 8x0,5l | 1L = 2.98 CHF",
  "breadcrumb": "Sortiment > Sortiment > Coca-Cola Zero",
  "pdp_url": "https://sortiment.lidl.ch/de/coca-cola-zero-0008716",
  "product_description": "Artikelnr.: 8716",
  "producthierarchy_level1": "Sortiment",
  "producthierarchy_level2": "Sortiment",
  "producthierarchy_level3": "Coca-Cola Zero",
  "producthierarchy_level4": "",
  "producthierarchy_level5": "",
  "producthierarchy_level6": "",
  "producthierarchy_level7": "",
  "currency": "Swiss franc",
  "file_name_1": "8716_1.jpg",
  "image_url_1": "https://sortiment.lidl.ch/media/catalog/product/cache/38c728e59b3a47950872534eff8a1e63/8/7/8716_8erPack_PSXX.jpg"
},
{
  "_id": {
    "$oid": "66f3a55bd23ade1eec55fc01"
  },
  "unique_id": "8715",
  "product_name": "Coca-Cola Original",
  "brand": "Coca-Cola",
  "regular_price": 11.89,
  "selling_price": 11.89,
  "price_per_unit": "pro 8x0,5l | 1L = 2.98 CHF",
  "breadcrumb": "Sortiment > Sortiment > Coca-Cola Original",
  "pdp_url": "https://sortiment.lidl.ch/de/coca-cola-original-0008715",
  "product_description": "Artikelnr.: 8715",
  "producthierarchy_level1": "Sortiment",
  "producthierarchy_level2": "Sortiment",
  "producthierarchy_level3": "Coca-Cola Original",
  "producthierarchy_level4": "",
  "producthierarchy_level5": "",
  "producthierarchy_level6": "",
  "producthierarchy_level7": "",
  "currency": "Swiss franc",
  "file_name_1": "8715_1.jpg",
  "image_url_1": "https://sortiment.lidl.ch/media/catalog/product/cache/38c728e59b3a47950872534eff8a1e63/8/7/8715_Original_PSXX.jpg"
},
{
  "_id": {
    "$oid": "66f3a55cd23ade1eec55fc02"
  },
  "unique_id": "163946",
  "product_name": "Grande Selone Rosé d' Italia",
  "brand": "",
  "regular_price": 5.99,
  "selling_price": 5.99,
  "price_per_unit": "pro 0,75l | 1L = 7.99 CHF",
  "breadcrumb": "Sortiment > Sortiment > Grande Selone Rosé d' Italia",
  "pdp_url": "https://sortiment.lidl.ch/de/grande-selone-rose-d-italia-0163946",
  "product_description": "Artikelnr.: 163946",
  "producthierarchy_level1": "Sortiment",
  "producthierarchy_level2": "Sortiment",
  "producthierarchy_level3": "Grande Selone Rosé d' Italia",
  "producthierarchy_level4": "",
  "producthierarchy_level5": "",
  "producthierarchy_level6": "",
  "producthierarchy_level7": "",
  "currency": "Swiss franc",
  "file_name_1": "163946_1.jpg",
  "image_url_1": "https://sortiment.lidl.ch/media/catalog/product/cache/38c728e59b3a47950872534eff8a1e63/1/6/163946_PSWE.jpg"
},
{
  "_id": {
    "$oid": "66f3a55dd23ade1eec55fc03"
  },
  "unique_id": "128614",
  "product_name": "Instant Kaffee Classic",
  "brand": "Bellarom",
  "regular_price": 3.89,
  "selling_price": 3.89,
  "price_per_unit": "pro 200g | 100g = 1.95 CHF",
  "breadcrumb": "Sortiment > Sortiment > Instant Kaffee Classic",
  "pdp_url": "https://sortiment.lidl.ch/de/instant-kaffee-classic-0128614",
  "product_description": "Artikelnr.: 128614",
  "producthierarchy_level1": "Sortiment",
  "producthierarchy_level2": "Sortiment",
  "producthierarchy_level3": "Instant Kaffee Classic",
  "producthierarchy_level4": "",
  "producthierarchy_level5": "",
  "producthierarchy_level6": "",
  "producthierarchy_level7": "",
  "currency": "Swiss franc",
  "file_name_1": "128614_1.jpg",
  "image_url_1": "https://sortiment.lidl.ch/media/catalog/product/cache/38c728e59b3a47950872534eff8a1e63/1/2/128614_PSXX.jpg"
},
{
  "_id": {
    "$oid": "66f3a55ed23ade1eec55fc04"
  },
  "unique_id": "128613",
  "product_name": "Instant Kaffee Mild",
  "brand": "Bellarom",
  "regular_price": 3.89,
  "selling_price": 3.89,
  "price_per_unit": "pro 200g | 100g = 1.95 CHF",
  "breadcrumb": "Sortiment > Sortiment > Instant Kaffee Mild",
  "pdp_url": "https://sortiment.lidl.ch/de/instant-kaffee-mild-0128613",
  "product_description": "Artikelnr.: 128613",
  "producthierarchy_level1": "Sortiment",
  "producthierarchy_level2": "Sortiment",
  "producthierarchy_level3": "Instant Kaffee Mild",
  "producthierarchy_level4": "",
  "producthierarchy_level5": "",
  "producthierarchy_level6": "",
  "producthierarchy_level7": "",
  "currency": "Swiss franc",
  "file_name_1": "128613_1.jpg",
  "image_url_1": "https://sortiment.lidl.ch/media/catalog/product/cache/38c728e59b3a47950872534eff8a1e63/1/2/128613_PSXX.jpg"
},
{
  "_id": {
    "$oid": "66f3a561d23ade1eec55fc05"
  },
  "unique_id": "8702",
  "product_name": "Felix Katzennahrung in Gelée",
  "brand": "Felix",
  "regular_price": 7.85,
  "selling_price": 7.85,
  "price_per_unit": "pro 12x85g | 100g = 0.77 CHF",
  "breadcrumb": "Sortiment > Sortiment > Felix Katzennahrung in Gelée",
  "pdp_url": "https://sortiment.lidl.ch/de/felix-katzennahrung-in-gelee-0008702",
  "product_description": "Artikelnr.: 8702",
  "producthierarchy_level1": "Sortiment",
  "producthierarchy_level2": "Sortiment",
  "producthierarchy_level3": "Felix Katzennahrung in Gelée",
  "producthierarchy_level4": "",
  "producthierarchy_level5": "",
  "producthierarchy_level6": "",
  "producthierarchy_level7": "",
  "currency": "Swiss franc",
  "file_name_1": "8702_1.jpg",
  "image_url_1": "https://sortiment.lidl.ch/media/catalog/product/cache/38c728e59b3a47950872534eff8a1e63/8/7/8702_Gemischt_PSXX.jpg",
  "file_name_2": "8702_2.jpg",
  "image_url_2": "https://sortiment.lidl.ch/media/catalog/product/cache/38c728e59b3a47950872534eff8a1e63/8/7/8702_Original_PSXX.jpg"
},
{
  "_id": {
    "$oid": "66f3a562d23ade1eec55fc06"
  },
  "unique_id": "142067",
  "product_name": "Wattepads 100% Baumwolle",
  "brand": "Cien",
  "regular_price": 0.89,
  "selling_price": 0.89,
  "price_per_unit": "pro 140 Stück | 1 Stk = 0.01 CHF",
  "breadcrumb": "Sortiment > Sortiment > Wattepads 100% Baumwolle",
  "pdp_url": "https://sortiment.lidl.ch/de/wattepads-100-baumwolle-0142067",
  "product_description": "Artikelnr.: 142067",
  "producthierarchy_level1": "Sortiment",
  "producthierarchy_level2": "Sortiment",
  "producthierarchy_level3": "Wattepads 100% Baumwolle",
  "producthierarchy_level4": "",
  "producthierarchy_level5": "",
  "producthierarchy_level6": "",
  "producthierarchy_level7": "",
  "currency": "Swiss franc",
  "file_name_1": "142067_1.jpg",
  "image_url_1": "https://sortiment.lidl.ch/media/catalog/product/cache/38c728e59b3a47950872534eff8a1e63/1/4/142067_PSXX.jpg"
},
{
  "_id": {
    "$oid": "66f3a564d23ade1eec55fc07"
  },
  "unique_id": "178850",
  "product_name": "Châteauneudu-Pape AOP",
  "brand": "",
  "regular_price": 19.95,
  "selling_price": 19.95,
  "price_per_unit": "pro 0,75l | 1L = 26.60 CHF",
  "breadcrumb": "Sortiment > Sortiment > Châteauneudu-Pape AOP",
  "pdp_url": "https://sortiment.lidl.ch/de/chateauneudu-pape-aop-0178850",
  "product_description": "Artikelnr.: 178850",
  "producthierarchy_level1": "Sortiment",
  "producthierarchy_level2": "Sortiment",
  "producthierarchy_level3": "Châteauneudu-Pape AOP",
  "producthierarchy_level4": "",
  "producthierarchy_level5": "",
  "producthierarchy_level6": "",
  "producthierarchy_level7": "",
  "currency": "Swiss franc",
  "file_name_1": "178850_1.jpg",
  "image_url_1": "https://sortiment.lidl.ch/media/catalog/product/cache/38c728e59b3a47950872534eff8a1e63/1/7/178850_PSWE.jpg"
},
{
  "_id": {
    "$oid": "66f3a565d23ade1eec55fc08"
  },
  "unique_id": "5110621",
  "product_name": "Poulet Bratwurst",
  "brand": "Maestade",
  "regular_price": 4.95,
  "selling_price": 4.95,
  "price_per_unit": "pro 400g | 100g = 1.24 CHF",
  "breadcrumb": "Sortiment > Sortiment > Poulet Bratwurst",
  "pdp_url": "https://sortiment.lidl.ch/de/poulet-bratwurst-5110621",
  "product_description": "Artikelnr.: 5110621",
  "producthierarchy_level1": "Sortiment",
  "producthierarchy_level2": "Sortiment",
  "producthierarchy_level3": "Poulet Bratwurst",
  "producthierarchy_level4": "",
  "producthierarchy_level5": "",
  "producthierarchy_level6": "",
  "producthierarchy_level7": "",
  "currency": "Swiss franc",
  "file_name_1": "5110621_1.jpg",
  "image_url_1": "https://sortiment.lidl.ch/media/amasty/amoptmobile/catalog/product/cache/38c728e59b3a47950872534eff8a1e63/5/1/5110621_FKBF.jpg",
  "file_name_2": "5110621_2.jpg",
  "image_url_2": "https://sortiment.lidl.ch/media/catalog/product/cache/38c728e59b3a47950872534eff8a1e63/5/1/5110621_PSXX.jpg"
},
{
  "_id": {
    "$oid": "66f3a566d23ade1eec55fc09"
  },
  "unique_id": "8723",
  "product_name": "Rama zum Streichen Kochen, Backen",
  "brand": "Rama",
  "regular_price": 2.39,
  "selling_price": 2.39,
  "price_per_unit": "pro 225g | 100g = 1.07 CHF",
  "breadcrumb": "Sortiment > Sortiment > Rama zum Streichen Kochen, Backen",
  "pdp_url": "https://sortiment.lidl.ch/de/rama-zum-streichen-kochen-backen-0008723",
  "product_description": "Artikelnr.: 8723",
  "producthierarchy_level1": "Sortiment",
  "producthierarchy_level2": "Sortiment",
  "producthierarchy_level3": "Rama zum Streichen Kochen, Backen",
  "producthierarchy_level4": "",
  "producthierarchy_level5": "",
  "producthierarchy_level6": "",
  "producthierarchy_level7": "",
  "currency": "Swiss franc",
  "file_name_1": "8723_1.jpg",
  "image_url_1": "https://sortiment.lidl.ch/media/catalog/product/cache/38c728e59b3a47950872534eff8a1e63/8/7/8723_PSXX.jpg"
},
{
  "_id": {
    "$oid": "66f3a568d23ade1eec55fc0a"
  },
  "unique_id": "152391",
  "product_name": "Bio Orangensaft",
  "brand": "Solevita",
  "regular_price": 3.79,
  "selling_price": 3.79,
  "price_per_unit": "pro 1l",
  "breadcrumb": "Sortiment > Sortiment > Bio Orangensaft",
  "pdp_url": "https://sortiment.lidl.ch/de/bio-orangensaft-0152391",
  "product_description": "Artikelnr.: 152391",
  "producthierarchy_level1": "Sortiment",
  "producthierarchy_level2": "Sortiment",
  "producthierarchy_level3": "Bio Orangensaft",
  "producthierarchy_level4": "",
  "producthierarchy_level5": "",
  "producthierarchy_level6": "",
  "producthierarchy_level7": "",
  "currency": "Swiss franc",
  "file_name_1": "152391_1.jpg",
  "image_url_1": "https://sortiment.lidl.ch/media/catalog/product/cache/38c728e59b3a47950872534eff8a1e63/1/5/152391_PSXX.jpg"
},
{
  "_id": {
    "$oid": "66f3a569d23ade1eec55fc0b"
  },
  "unique_id": "160262",
  "product_name": "Prosecco DOC Rosé",
  "brand": "",
  "regular_price": 8.99,
  "selling_price": 8.99,
  "price_per_unit": "pro 0,75l | 1L = 11.99 CHF",
  "breadcrumb": "Sortiment > Sortiment > Prosecco DOC Rosé",
  "pdp_url": "https://sortiment.lidl.ch/de/prosecco-doc-rose-0160262",
  "product_description": "Artikelnr.: 160262",
  "producthierarchy_level1": "Sortiment",
  "producthierarchy_level2": "Sortiment",
  "producthierarchy_level3": "Prosecco DOC Rosé",
  "producthierarchy_level4": "",
  "producthierarchy_level5": "",
  "producthierarchy_level6": "",
  "producthierarchy_level7": "",
  "currency": "Swiss franc",
  "file_name_1": "160262_1.jpg",
  "image_url_1": "https://sortiment.lidl.ch/media/catalog/product/cache/38c728e59b3a47950872534eff8a1e63/1/6/160262_PSWE.jpg"
},
{
  "_id": {
    "$oid": "66f3a56bd23ade1eec55fc0c"
  },
  "unique_id": "131285",
  "product_name": "Bourbon Vanilleschote",
  "brand": "Belbake",
  "regular_price": 3.99,
  "selling_price": 3.99,
  "price_per_unit": "pro 4g | 10g = 9.98 CHF",
  "breadcrumb": "Sortiment > Sortiment > Bourbon Vanilleschote",
  "pdp_url": "https://sortiment.lidl.ch/de/bourbon-vanilleschote-0131285",
  "product_description": "Artikelnr.: 131285",
  "producthierarchy_level1": "Sortiment",
  "producthierarchy_level2": "Sortiment",
  "producthierarchy_level3": "Bourbon Vanilleschote",
  "producthierarchy_level4": "",
  "producthierarchy_level5": "",
  "producthierarchy_level6": "",
  "producthierarchy_level7": "",
  "currency": "Swiss franc",
  "file_name_1": "131285_1.jpg",
  "image_url_1": "https://sortiment.lidl.ch/media/catalog/product/cache/38c728e59b3a47950872534eff8a1e63/1/3/131285_PSXX.jpg"
},
{
  "_id": {
    "$oid": "66f3a56cd23ade1eec55fc0d"
  },
  "unique_id": "152328",
  "product_name": "Küchentücher 3-lagig",
  "brand": "Floralys",
  "regular_price": 3.49,
  "selling_price": 3.49,
  "price_per_unit": "pro 256 Blatt",
  "breadcrumb": "Sortiment > Sortiment > Küchentücher 3-lagig",
  "pdp_url": "https://sortiment.lidl.ch/de/kuechentuecher-3-lagig-0152328",
  "product_description": "Artikelnr.: 152328",
  "producthierarchy_level1": "Sortiment",
  "producthierarchy_level2": "Sortiment",
  "producthierarchy_level3": "Küchentücher 3-lagig",
  "producthierarchy_level4": "",
  "producthierarchy_level5": "",
  "producthierarchy_level6": "",
  "producthierarchy_level7": "",
  "currency": "Swiss franc",
  "file_name_1": "152328_1.jpg",
  "image_url_1": "https://sortiment.lidl.ch/media/catalog/product/cache/38c728e59b3a47950872534eff8a1e63/1/5/152328_PSXX.jpg"
},
{
  "_id": {
    "$oid": "66f3a56ed23ade1eec55fc0e"
  },
  "unique_id": "162073",
  "product_name": "Bio Naturkosmetik Handcreme",
  "brand": "Cien Nature",
  "regular_price": 1.99,
  "selling_price": 1.99,
  "price_per_unit": "pro 75ml | 100ML = 2.66 CHF",
  "breadcrumb": "Sortiment > Sortiment > Bio Naturkosmetik Handcreme",
  "pdp_url": "https://sortiment.lidl.ch/de/bio-naturkosmetik-handcreme-0162073",
  "product_description": "Artikelnr.: 162073",
  "producthierarchy_level1": "Sortiment",
  "producthierarchy_level2": "Sortiment",
  "producthierarchy_level3": "Bio Naturkosmetik Handcreme",
  "producthierarchy_level4": "",
  "producthierarchy_level5": "",
  "producthierarchy_level6": "",
  "producthierarchy_level7": "",
  "currency": "Swiss franc",
  "file_name_1": "162073_1.jpg",
  "image_url_1": "https://sortiment.lidl.ch/media/catalog/product/cache/38c728e59b3a47950872534eff8a1e63/1/6/162073_Granatapfel_PSXX.jpg",
  "file_name_2": "162073_2.jpg",
  "image_url_2": "https://sortiment.lidl.ch/media/catalog/product/cache/38c728e59b3a47950872534eff8a1e63/1/6/162073_Kamille_PSXX.jpg"
},
{
  "_id": {
    "$oid": "66f3a56fd23ade1eec55fc0f"
  },
  "unique_id": "138687",
  "product_name": "Naturkosmetik Tag und Nachtcreme",
  "brand": "Cien Nature",
  "regular_price": 4.95,
  "selling_price": 4.95,
  "price_per_unit": "pro 50ml | 100ML = 9.90 CHF",
  "breadcrumb": "Sortiment > Sortiment > Naturkosmetik Tag und Nachtcreme",
  "pdp_url": "https://sortiment.lidl.ch/de/naturkosmetik-tag-und-nachtcreme-0138687",
  "product_description": "Artikelnr.: 138687",
  "producthierarchy_level1": "Sortiment",
  "producthierarchy_level2": "Sortiment",
  "producthierarchy_level3": "Naturkosmetik Tag und Nachtcreme",
  "producthierarchy_level4": "",
  "producthierarchy_level5": "",
  "producthierarchy_level6": "",
  "producthierarchy_level7": "",
  "currency": "Swiss franc",
  "file_name_1": "138687_1.jpg",
  "image_url_1": "https://sortiment.lidl.ch/media/catalog/product/cache/38c728e59b3a47950872534eff8a1e63/1/3/138687_Almond_PSXX.jpg",
  "file_name_2": "138687_2.jpg",
  "image_url_2": "https://sortiment.lidl.ch/media/catalog/product/cache/38c728e59b3a47950872534eff8a1e63/1/3/138687_Pomegranate_PSXX.jpg"
},
{
  "_id": {
    "$oid": "66f3a571d23ade1eec55fc10"
  },
  "unique_id": "8705",
  "product_name": "Felix Katzensnack Party Mix",
  "brand": "Felix",
  "regular_price": 5.85,
  "selling_price": 5.85,
  "price_per_unit": "pro 200g | 100g = 2.93 CHF",
  "breadcrumb": "Sortiment > Sortiment > Felix Katzensnack Party Mix",
  "pdp_url": "https://sortiment.lidl.ch/de/felix-katzensnack-party-mix-0008705",
  "product_description": "Artikelnr.: 8705",
  "producthierarchy_level1": "Sortiment",
  "producthierarchy_level2": "Sortiment",
  "producthierarchy_level3": "Felix Katzensnack Party Mix",
  "producthierarchy_level4": "",
  "producthierarchy_level5": "",
  "producthierarchy_level6": "",
  "producthierarchy_level7": "",
  "currency": "Swiss franc",
  "file_name_1": "8705_1.jpg",
  "image_url_1": "https://sortiment.lidl.ch/media/catalog/product/cache/38c728e59b3a47950872534eff8a1e63/8/7/8705_Original_PSXX.jpg",
  "file_name_2": "8705_2.jpg",
  "image_url_2": "https://sortiment.lidl.ch/media/catalog/product/cache/38c728e59b3a47950872534eff8a1e63/8/7/8705_Strandspass_PSXX.jpg"
},
{
  "_id": {
    "$oid": "66f3a572d23ade1eec55fc11"
  },
  "unique_id": "5002343",
  "product_name": "Machland Fruit & go Squeezer",
  "brand": "Machland",
  "regular_price": 0.79,
  "selling_price": 0.79,
  "price_per_unit": "pro 100g",
  "breadcrumb": "Sortiment > Sortiment > Machland Fruit & go Squeezer",
  "pdp_url": "https://sortiment.lidl.ch/de/machland-fruit-go-squeezer-5002343",
  "product_description": "Artikelnr.: 5002343",
  "producthierarchy_level1": "Sortiment",
  "producthierarchy_level2": "Sortiment",
  "producthierarchy_level3": "Machland Fruit & go Squeezer",
  "producthierarchy_level4": "",
  "producthierarchy_level5": "",
  "producthierarchy_level6": "",
  "producthierarchy_level7": "",
  "currency": "Swiss franc",
  "file_name_1": "5002343_1.jpg",
  "image_url_1": "https://sortiment.lidl.ch/media/catalog/product/cache/38c728e59b3a47950872534eff8a1e63/5/0/5002343_Apfel_Banane_Erdbeere_PSXX.jpg",
  "file_name_2": "5002343_2.jpg",
  "image_url_2": "https://sortiment.lidl.ch/media/catalog/product/cache/38c728e59b3a47950872534eff8a1e63/5/0/5002343_Apfel_Birne_Maracuja_PSXX.jpg",
  "file_name_3": "5002343_3.jpg",
  "image_url_3": "https://sortiment.lidl.ch/media/catalog/product/cache/38c728e59b3a47950872534eff8a1e63/5/0/5002343_Apfel_Pfirsich_Banane_Marille_PSXX.jpg"
},
{
  "_id": {
    "$oid": "66f3a573d23ade1eec55fc12"
  },
  "unique_id": "8725",
  "product_name": "Fanta Orange",
  "brand": "Fanta",
  "regular_price": 11.89,
  "selling_price": 11.89,
  "price_per_unit": "pro 8x0,5l | 1L = 2.98 CHF",
  "breadcrumb": "Sortiment > Sortiment > Fanta Orange",
  "pdp_url": "https://sortiment.lidl.ch/de/fanta-orange-0008725",
  "product_description": "Artikelnr.: 8725",
  "producthierarchy_level1": "Sortiment",
  "producthierarchy_level2": "Sortiment",
  "producthierarchy_level3": "Fanta Orange",
  "producthierarchy_level4": "",
  "producthierarchy_level5": "",
  "producthierarchy_level6": "",
  "producthierarchy_level7": "",
  "currency": "Swiss franc",
  "file_name_1": "8725_1.jpg",
  "image_url_1": "https://sortiment.lidl.ch/media/catalog/product/cache/38c728e59b3a47950872534eff8a1e63/8/7/8725_8erPack_PSXX.jpg"
},
{
  "_id": {
    "$oid": "66f3a575d23ade1eec55fc13"
  },
  "unique_id": "133832",
  "product_name": "Chiliflocken",
  "brand": "Kania",
  "regular_price": 0.99,
  "selling_price": 0.99,
  "price_per_unit": "pro 30g | 100g = 3.30 CHF",
  "breadcrumb": "Sortiment > Sortiment > Chiliflocken",
  "pdp_url": "https://sortiment.lidl.ch/de/chiliflocken-0133832",
  "product_description": "Artikelnr.: 133832",
  "producthierarchy_level1": "Sortiment",
  "producthierarchy_level2": "Sortiment",
  "producthierarchy_level3": "Chiliflocken",
  "producthierarchy_level4": "",
  "producthierarchy_level5": "",
  "producthierarchy_level6": "",
  "producthierarchy_level7": "",
  "currency": "Swiss franc",
  "file_name_1": "133832_1.jpg",
  "image_url_1": "https://sortiment.lidl.ch/media/amasty/amoptmobile/catalog/product/cache/38c728e59b3a47950872534eff8a1e63/1/3/133832_PSXX.jpg"
},
{
  "_id": {
    "$oid": "66f3a576d23ade1eec55fc14"
  },
  "unique_id": "21175",
  "product_name": "Mexikanische Gewürzmischung",
  "brand": "Kania",
  "regular_price": 0.79,
  "selling_price": 0.79,
  "price_per_unit": "pro 25g, 35g | 100g = 3.16, 2.26 CHF",
  "breadcrumb": "Sortiment > Sortiment > Mexikanische Gewürzmischung",
  "pdp_url": "https://sortiment.lidl.ch/de/mexikanische-gewuerzmischung-0021175",
  "product_description": "Artikelnr.: 21175",
  "producthierarchy_level1": "Sortiment",
  "producthierarchy_level2": "Sortiment",
  "producthierarchy_level3": "Mexikanische Gewürzmischung",
  "producthierarchy_level4": "",
  "producthierarchy_level5": "",
  "producthierarchy_level6": "",
  "producthierarchy_level7": "",
  "currency": "Swiss franc",
  "file_name_1": "21175_1.jpg",
  "image_url_1": "https://sortiment.lidl.ch/media/catalog/product/cache/38c728e59b3a47950872534eff8a1e63/2/1/21175_Burritos_PSXX.jpg",
  "file_name_2": "21175_2.jpg",
  "image_url_2": "https://sortiment.lidl.ch/media/catalog/product/cache/38c728e59b3a47950872534eff8a1e63/2/1/21175_Fajitas_PSXX.jpg",
  "file_name_3": "21175_3.jpg",
  "image_url_3": "https://sortiment.lidl.ch/media/catalog/product/cache/38c728e59b3a47950872534eff8a1e63/2/1/21175_Tacos_PSXX.jpg"
},
{
  "_id": {
    "$oid": "66f3a578d23ade1eec55fc15"
  },
  "unique_id": "166433",
  "product_name": "Aromatische Würzmischung",
  "brand": "Kania",
  "regular_price": 1.19,
  "selling_price": 1.19,
  "price_per_unit": "pro 90g | 100g = 1.33 CHF",
  "breadcrumb": "Sortiment > Sortiment > Aromatische Würzmischung",
  "pdp_url": "https://sortiment.lidl.ch/de/aromatische-wuerzmischung-0166433",
  "product_description": "Artikelnr.: 166433",
  "producthierarchy_level1": "Sortiment",
  "producthierarchy_level2": "Sortiment",
  "producthierarchy_level3": "Aromatische Würzmischung",
  "producthierarchy_level4": "",
  "producthierarchy_level5": "",
  "producthierarchy_level6": "",
  "producthierarchy_level7": "",
  "currency": "Swiss franc",
  "file_name_1": "166433_1.jpg",
  "image_url_1": "https://sortiment.lidl.ch/media/catalog/product/cache/38c728e59b3a47950872534eff8a1e63/1/6/166433_PSXX.jpg"
},
{
  "_id": {
    "$oid": "66f3a579d23ade1eec55fc16"
  },
  "unique_id": "5109496",
  "product_name": "Old el Paso Fajita Mix",
  "brand": "Old el Paso",
  "regular_price": 1.35,
  "selling_price": 1.35,
  "price_per_unit": "pro 30g | 100g = 4.50 CHF",
  "breadcrumb": "Sortiment > Sortiment > Old el Paso Fajita Mix",
  "pdp_url": "https://sortiment.lidl.ch/de/old-el-paso-fajita-mix-5109496",
  "product_description": "Artikelnr.: 5109496",
  "producthierarchy_level1": "Sortiment",
  "producthierarchy_level2": "Sortiment",
  "producthierarchy_level3": "Old el Paso Fajita Mix",
  "producthierarchy_level4": "",
  "producthierarchy_level5": "",
  "producthierarchy_level6": "",
  "producthierarchy_level7": "",
  "currency": "Swiss franc",
  "file_name_1": "5109496_1.jpg",
  "image_url_1": "https://sortiment.lidl.ch/media/catalog/product/cache/38c728e59b3a47950872534eff8a1e63/5/1/5109496_PSXX.jpg"
},
{
  "_id": {
    "$oid": "66f3a57ad23ade1eec55fc17"
  },
  "unique_id": "5109495",
  "product_name": "Old el Paso Guacamole Mix",
  "brand": "Old el Paso",
  "regular_price": 1.35,
  "selling_price": 1.35,
  "price_per_unit": "pro 20g | 100g = 6.75 CHF",
  "breadcrumb": "Sortiment > Sortiment > Old el Paso Guacamole Mix",
  "pdp_url": "https://sortiment.lidl.ch/de/old-el-paso-guacamole-mix-5109495",
  "product_description": "Artikelnr.: 5109495",
  "producthierarchy_level1": "Sortiment",
  "producthierarchy_level2": "Sortiment",
  "producthierarchy_level3": "Old el Paso Guacamole Mix",
  "producthierarchy_level4": "",
  "producthierarchy_level5": "",
  "producthierarchy_level6": "",
  "producthierarchy_level7": "",
  "currency": "Swiss franc",
  "file_name_1": "5109495_1.jpg",
  "image_url_1": "https://sortiment.lidl.ch/media/catalog/product/cache/38c728e59b3a47950872534eff8a1e63/5/1/5109495_PSXX.jpg"
},
{
  "_id": {
    "$oid": "66f3a57cd23ade1eec55fc18"
  },
  "unique_id": "162815",
  "product_name": "Muskatnuss gemahlen",
  "brand": "Kania",
  "regular_price": 1.59,
  "selling_price": 1.59,
  "price_per_unit": "pro 45g | 100g = 3.54 CHF",
  "breadcrumb": "Sortiment > Sortiment > Muskatnuss gemahlen",
  "pdp_url": "https://sortiment.lidl.ch/de/muskatnuss-gemahlen-0162815",
  "product_description": "Artikelnr.: 162815",
  "producthierarchy_level1": "Sortiment",
  "producthierarchy_level2": "Sortiment",
  "producthierarchy_level3": "Muskatnuss gemahlen",
  "producthierarchy_level4": "",
  "producthierarchy_level5": "",
  "producthierarchy_level6": "",
  "producthierarchy_level7": "",
  "currency": "Swiss franc",
  "file_name_1": "162815_1.jpg",
  "image_url_1": "https://sortiment.lidl.ch/media/catalog/product/cache/38c728e59b3a47950872534eff8a1e63/1/6/162815_PSXX.jpg"
},
{
  "_id": {
    "$oid": "66f3a57dd23ade1eec55fc19"
  },
  "unique_id": "151095",
  "product_name": "Bio Pfeffer ganz",
  "brand": "Kania",
  "regular_price": 2.99,
  "selling_price": 2.99,
  "price_per_unit": "pro 100g, 70g | 100g = 4.28, 2.99 CHF",
  "breadcrumb": "Sortiment > Sortiment > Bio Pfeffer ganz",
  "pdp_url": "https://sortiment.lidl.ch/de/bio-pfeffer-ganz-0151095",
  "product_description": "Artikelnr.: 151095",
  "producthierarchy_level1": "Sortiment",
  "producthierarchy_level2": "Sortiment",
  "producthierarchy_level3": "Bio Pfeffer ganz",
  "producthierarchy_level4": "",
  "producthierarchy_level5": "",
  "producthierarchy_level6": "",
  "producthierarchy_level7": "",
  "currency": "Swiss franc",
  "file_name_1": "151095_1.jpg",
  "image_url_1": "https://sortiment.lidl.ch/media/catalog/product/cache/38c728e59b3a47950872534eff8a1e63/1/5/151095_Bunt_PSXX.jpg",
  "file_name_2": "151095_2.jpg",
  "image_url_2": "https://sortiment.lidl.ch/media/catalog/product/cache/38c728e59b3a47950872534eff8a1e63/1/5/151095_schwarz_PSXX.jpg"
},
{
  "_id": {
    "$oid": "66f3a57fd23ade1eec55fc1a"
  },
  "unique_id": "148056",
  "product_name": "Bio Gewürze",
  "brand": "Kania",
  "regular_price": 1.49,
  "selling_price": 1.49,
  "price_per_unit": "pro 35g, 40g, 50g | 100g = 4.26, 3.73, 2.98 CHF",
  "breadcrumb": "Sortiment > Sortiment > Bio Gewürze",
  "pdp_url": "https://sortiment.lidl.ch/de/bio-gewuerze-0148056",
  "product_description": "Artikelnr.: 148056",
  "producthierarchy_level1": "Sortiment",
  "producthierarchy_level2": "Sortiment",
  "producthierarchy_level3": "Bio Gewürze",
  "producthierarchy_level4": "",
  "producthierarchy_level5": "",
  "producthierarchy_level6": "",
  "producthierarchy_level7": "",
  "currency": "Swiss franc",
  "file_name_1": "148056_1.jpg",
  "image_url_1": "https://sortiment.lidl.ch/media/catalog/product/cache/38c728e59b3a47950872534eff8a1e63/1/4/148056_Ingwer_PSXX.jpg",
  "file_name_2": "148056_2.jpg",
  "image_url_2": "https://sortiment.lidl.ch/media/catalog/product/cache/38c728e59b3a47950872534eff8a1e63/1/4/148056_Paprika_PSXX.jpg",
  "file_name_3": "148056_3.jpg",
  "image_url_3": "https://sortiment.lidl.ch/media/catalog/product/cache/38c728e59b3a47950872534eff8a1e63/1/4/148056_Zimt_PSXX.jpg"
},
{
  "_id": {
    "$oid": "66f3a580d23ade1eec55fc1b"
  },
  "unique_id": "148055",
  "product_name": "Bio Gewürze",
  "brand": "Kania",
  "regular_price": 1.49,
  "selling_price": 1.49,
  "price_per_unit": "pro 15g, 40g, 45g | 100g = 9.94, 3.73, 3.32 CHF",
  "breadcrumb": "Sortiment > Sortiment > Bio Gewürze",
  "pdp_url": "https://sortiment.lidl.ch/de/bio-gewuerze-0148055",
  "product_description": "Artikelnr.: 148055",
  "producthierarchy_level1": "Sortiment",
  "producthierarchy_level2": "Sortiment",
  "producthierarchy_level3": "Bio Gewürze",
  "producthierarchy_level4": "",
  "producthierarchy_level5": "",
  "producthierarchy_level6": "",
  "producthierarchy_level7": "",
  "currency": "Swiss franc",
  "file_name_1": "148055_1.jpg",
  "image_url_1": "https://sortiment.lidl.ch/media/catalog/product/cache/38c728e59b3a47950872534eff8a1e63/1/4/148055_Curcuma_PSXX.jpg",
  "file_name_2": "148055_2.jpg",
  "image_url_2": "https://sortiment.lidl.ch/media/catalog/product/cache/38c728e59b3a47950872534eff8a1e63/1/4/148055_Curry_PSXX.jpg",
  "file_name_3": "148055_3.jpg",
  "image_url_3": "https://sortiment.lidl.ch/media/catalog/product/cache/38c728e59b3a47950872534eff8a1e63/1/4/148055_Ital_PSXX.jpg"
},
{
  "_id": {
    "$oid": "66f3a582d23ade1eec55fc1c"
  },
  "unique_id": "133845",
  "product_name": "Fleischgewürz",
  "brand": "Kania",
  "regular_price": 0.99,
  "selling_price": 0.99,
  "price_per_unit": "pro 60g | 100g = 1.65 CHF",
  "breadcrumb": "Sortiment > Sortiment > Fleischgewürz",
  "pdp_url": "https://sortiment.lidl.ch/de/fleischgewuerz-0133845",
  "product_description": "Artikelnr.: 133845",
  "producthierarchy_level1": "Sortiment",
  "producthierarchy_level2": "Sortiment",
  "producthierarchy_level3": "Fleischgewürz",
  "producthierarchy_level4": "",
  "producthierarchy_level5": "",
  "producthierarchy_level6": "",
  "producthierarchy_level7": "",
  "currency": "Swiss franc",
  "file_name_1": "133845_1.jpg",
  "image_url_1": "https://sortiment.lidl.ch/media/catalog/product/cache/38c728e59b3a47950872534eff8a1e63/1/3/133845_PSXX.jpg"
},
{
  "_id": {
    "$oid": "66f3a583d23ade1eec55fc1d"
  },
  "unique_id": "133837",
  "product_name": "Zitronenpfeffer",
  "brand": "Kania",
  "regular_price": 0.99,
  "selling_price": 0.99,
  "price_per_unit": "pro 75g | 100g = 1.32 CHF",
  "breadcrumb": "Sortiment > Sortiment > Zitronenpfeffer",
  "pdp_url": "https://sortiment.lidl.ch/de/zitronenpfeffer-0133837",
  "product_description": "Artikelnr.: 133837",
  "producthierarchy_level1": "Sortiment",
  "producthierarchy_level2": "Sortiment",
  "producthierarchy_level3": "Zitronenpfeffer",
  "producthierarchy_level4": "",
  "producthierarchy_level5": "",
  "producthierarchy_level6": "",
  "producthierarchy_level7": "",
  "currency": "Swiss franc",
  "file_name_1": "133837_1.jpg",
  "image_url_1": "https://sortiment.lidl.ch/media/catalog/product/cache/38c728e59b3a47950872534eff8a1e63/1/3/133837_PSXX.jpg"
},
{
  "_id": {
    "$oid": "66f3a585d23ade1eec55fc1e"
  },
  "unique_id": "97448",
  "product_name": "Edle Gewürzmühlen",
  "brand": "Deluxe",
  "regular_price": 3.49,
  "selling_price": 3.49,
  "price_per_unit": "pro 40g, 45g, 50g, 55g | 100g = 8.73 bis 6.35",
  "breadcrumb": "Sortiment > Sortiment > Edle Gewürzmühlen",
  "pdp_url": "https://sortiment.lidl.ch/de/edle-gewuerzmuehlen-0097448",
  "product_description": "Artikelnr.: 97448",
  "producthierarchy_level1": "Sortiment",
  "producthierarchy_level2": "Sortiment",
  "producthierarchy_level3": "Edle Gewürzmühlen",
  "producthierarchy_level4": "",
  "producthierarchy_level5": "",
  "producthierarchy_level6": "",
  "producthierarchy_level7": "",
  "currency": "Swiss franc",
  "file_name_1": "97448_1.jpg",
  "image_url_1": "https://sortiment.lidl.ch/media/catalog/product/cache/38c728e59b3a47950872534eff8a1e63/9/7/97448_Fisch_PSXX.jpg",
  "file_name_2": "97448_2.jpg",
  "image_url_2": "https://sortiment.lidl.ch/media/catalog/product/cache/38c728e59b3a47950872534eff8a1e63/9/7/97448_Hot_Spicy_PSXX.jpg",
  "file_name_3": "97448_3.jpg",
  "image_url_3": "https://sortiment.lidl.ch/media/catalog/product/cache/38c728e59b3a47950872534eff8a1e63/9/7/97448_Wild_PSXX.jpg",
  "file_name_4": "97448_4.jpg",
  "image_url_4": "https://sortiment.lidl.ch/media/catalog/product/cache/38c728e59b3a47950872534eff8a1e63/9/7/97448_garam_masala_PSXX.jpg",
  "file_name_5": "97448_5.jpg",
  "image_url_5": "https://sortiment.lidl.ch/media/catalog/product/cache/38c728e59b3a47950872534eff8a1e63/9/7/97448_gefluegel_PSXX.jpg"
},
{
  "_id": {
    "$oid": "66f3a586d23ade1eec55fc1f"
  },
  "unique_id": "12875",
  "product_name": "Rosmarin",
  "brand": "Kania",
  "regular_price": 0.69,
  "selling_price": 0.69,
  "price_per_unit": "pro 25g | 100g = 2.76 CHF",
  "breadcrumb": "Sortiment > Sortiment > Rosmarin",
  "pdp_url": "https://sortiment.lidl.ch/de/rosmarin-0012875",
  "product_description": "Artikelnr.: 12875",
  "producthierarchy_level1": "Sortiment",
  "producthierarchy_level2": "Sortiment",
  "producthierarchy_level3": "Rosmarin",
  "producthierarchy_level4": "",
  "producthierarchy_level5": "",
  "producthierarchy_level6": "",
  "producthierarchy_level7": "",
  "currency": "Swiss franc",
  "file_name_1": "12875_1.jpg",
  "image_url_1": "https://sortiment.lidl.ch/media/amasty/amoptmobile/catalog/product/cache/38c728e59b3a47950872534eff8a1e63/1/2/12875_PSXX.jpg"
},
{
  "_id": {
    "$oid": "66f3a587d23ade1eec55fc20"
  },
  "unique_id": "5110633",
  "product_name": "Poulet Cervelas",
  "brand": "Maestade",
  "regular_price": 3.69,
  "selling_price": 3.69,
  "price_per_unit": "pro 500g | 100g = 0.74 CHF",
  "breadcrumb": "Sortiment > Sortiment > Poulet Cervelas",
  "pdp_url": "https://sortiment.lidl.ch/de/poulet-cervelas-5110633",
  "product_description": "Artikelnr.: 5110633",
  "producthierarchy_level1": "Sortiment",
  "producthierarchy_level2": "Sortiment",
  "producthierarchy_level3": "Poulet Cervelas",
  "producthierarchy_level4": "",
  "producthierarchy_level5": "",
  "producthierarchy_level6": "",
  "producthierarchy_level7": "",
  "currency": "Swiss franc",
  "file_name_1": "5110633_1.jpg",
  "image_url_1": "https://sortiment.lidl.ch/media/catalog/product/cache/38c728e59b3a47950872534eff8a1e63/5/1/5110633_FKBF.jpg",
  "file_name_2": "5110633_2.jpg",
  "image_url_2": "https://sortiment.lidl.ch/media/catalog/product/cache/38c728e59b3a47950872534eff8a1e63/5/1/5110633_PSXX.jpg"
},
{
  "_id": {
    "$oid": "66f3a589d23ade1eec55fc21"
  },
  "unique_id": "5110078",
  "product_name": "Milchdrink 2.5% pasteurisiert",
  "brand": "Milbona",
  "regular_price": 1.39,
  "selling_price": 1.39,
  "price_per_unit": "pro 1000ml",
  "breadcrumb": "Sortiment > Sortiment > Milchdrink 2.5% pasteurisiert",
  "pdp_url": "https://sortiment.lidl.ch/de/milchdrink-2-5-pasteurisiert-5110078",
  "product_description": "Artikelnr.: 5110078",
  "producthierarchy_level1": "Sortiment",
  "producthierarchy_level2": "Sortiment",
  "producthierarchy_level3": "Milchdrink 2.5% pasteurisiert",
  "producthierarchy_level4": "",
  "producthierarchy_level5": "",
  "producthierarchy_level6": "",
  "producthierarchy_level7": "",
  "currency": "Swiss franc",
  "file_name_1": "5110078_1.jpg",
  "image_url_1": "https://sortiment.lidl.ch/media/catalog/product/cache/38c728e59b3a47950872534eff8a1e63/5/1/5110078_PSXX.jpg"
},
{
  "_id": {
    "$oid": "66f3a58ad23ade1eec55fc22"
  },
  "unique_id": "7407454",
  "product_name": "Macarons",
  "brand": "Confiserie Firenze",
  "regular_price": 4.49,
  "selling_price": 4.49,
  "price_per_unit": "pro 12x12g | 100g = 3.12 CHF",
  "breadcrumb": "Sortiment > Sortiment > Macarons",
  "pdp_url": "https://sortiment.lidl.ch/de/macarons-7407454",
  "product_description": "Artikelnr.: 7407454",
  "producthierarchy_level1": "Sortiment",
  "producthierarchy_level2": "Sortiment",
  "producthierarchy_level3": "Macarons",
  "producthierarchy_level4": "",
  "producthierarchy_level5": "",
  "producthierarchy_level6": "",
  "producthierarchy_level7": "",
  "currency": "Swiss franc",
  "file_name_1": "7407454_1.jpg",
  "image_url_1": "https://sortiment.lidl.ch/media/catalog/product/cache/38c728e59b3a47950872534eff8a1e63/7/4/7407454_PSXX.jpg"
},
{
  "_id": {
    "$oid": "66f3a58cd23ade1eec55fc23"
  },
  "unique_id": "5110077",
  "product_name": "Vollmilch 3.5% pasteurisiert",
  "brand": "Milbona",
  "regular_price": 1.39,
  "selling_price": 1.39,
  "price_per_unit": "pro 1000ml",
  "breadcrumb": "Sortiment > Sortiment > Vollmilch 3.5% pasteurisiert",
  "pdp_url": "https://sortiment.lidl.ch/de/vollmilch-3-5-pasteurisiert-5110077",
  "product_description": "Artikelnr.: 5110077",
  "producthierarchy_level1": "Sortiment",
  "producthierarchy_level2": "Sortiment",
  "producthierarchy_level3": "Vollmilch 3.5% pasteurisiert",
  "producthierarchy_level4": "",
  "producthierarchy_level5": "",
  "producthierarchy_level6": "",
  "producthierarchy_level7": "",
  "currency": "Swiss franc",
  "file_name_1": "5110077_1.jpg",
  "image_url_1": "https://sortiment.lidl.ch/media/catalog/product/cache/38c728e59b3a47950872534eff8a1e63/5/1/5110077_PSXX.jpg"
},
{
  "_id": {
    "$oid": "66f3a58dd23ade1eec55fc24"
  },
  "unique_id": "5110390",
  "product_name": "Lyoner",
  "brand": "Maestade",
  "regular_price": 1.79,
  "selling_price": 1.79,
  "price_per_unit": "pro 300g | 100g = 0.60 CHF",
  "breadcrumb": "Sortiment > Sortiment > Lyoner",
  "pdp_url": "https://sortiment.lidl.ch/de/lyoner-5110390",
  "product_description": "Artikelnr.: 5110390",
  "producthierarchy_level1": "Sortiment",
  "producthierarchy_level2": "Sortiment",
  "producthierarchy_level3": "Lyoner",
  "producthierarchy_level4": "",
  "producthierarchy_level5": "",
  "producthierarchy_level6": "",
  "producthierarchy_level7": "",
  "currency": "Swiss franc",
  "file_name_1": "5110390_1.jpg",
  "image_url_1": "https://sortiment.lidl.ch/media/catalog/product/cache/38c728e59b3a47950872534eff8a1e63/5/1/5110390_FKBF.jpg",
  "file_name_2": "5110390_2.jpg",
  "image_url_2": "https://sortiment.lidl.ch/media/catalog/product/cache/38c728e59b3a47950872534eff8a1e63/5/1/5110390_PSXX.jpg"
},
{
  "_id": {
    "$oid": "66f3a58ed23ade1eec55fc25"
  },
  "unique_id": "2892",
  "product_name": "Ferrero Kinder Cards",
  "brand": "Ferrero",
  "regular_price": 3.19,
  "selling_price": 3.19,
  "price_per_unit": "pro 128g | 100g = 2.50 CHF",
  "breadcrumb": "Sortiment > Sortiment > Ferrero Kinder Cards",
  "pdp_url": "https://sortiment.lidl.ch/de/ferrero-kinder-cards-0002892",
  "product_description": "Artikelnr.: 2892 *Konkurrenzvergleich:  24.08.2022",
  "producthierarchy_level1": "Sortiment",
  "producthierarchy_level2": "Sortiment",
  "producthierarchy_level3": "Ferrero Kinder Cards",
  "producthierarchy_level4": "",
  "producthierarchy_level5": "",
  "producthierarchy_level6": "",
  "producthierarchy_level7": "",
  "currency": "Swiss franc",
  "file_name_1": "2892_1.jpg",
  "image_url_1": "https://sortiment.lidl.ch/media/catalog/product/cache/38c728e59b3a47950872534eff8a1e63/2/8/2892_PSXX.jpg"
},
{
  "_id": {
    "$oid": "66f3a590d23ade1eec55fc26"
  },
  "unique_id": "5110442",
  "product_name": "Schweizer Salami am Stück",
  "brand": "Maestade",
  "regular_price": 7.99,
  "selling_price": 7.99,
  "price_per_unit": "pro 600g | 100g = 1.34 CHF",
  "breadcrumb": "Sortiment > Sortiment > Schweizer Salami am Stück",
  "pdp_url": "https://sortiment.lidl.ch/de/schweizer-salami-am-stueck-5110442",
  "product_description": "Artikelnr.: 5110442",
  "producthierarchy_level1": "Sortiment",
  "producthierarchy_level2": "Sortiment",
  "producthierarchy_level3": "Schweizer Salami am Stück",
  "producthierarchy_level4": "",
  "producthierarchy_level5": "",
  "producthierarchy_level6": "",
  "producthierarchy_level7": "",
  "currency": "Swiss franc",
  "file_name_1": "5110442_1.jpg",
  "image_url_1": "https://sortiment.lidl.ch/media/catalog/product/cache/38c728e59b3a47950872534eff8a1e63/5/1/5110442_FKBF.jpg",
  "file_name_2": "5110442_2.jpg",
  "image_url_2": "https://sortiment.lidl.ch/media/catalog/product/cache/38c728e59b3a47950872534eff8a1e63/5/1/5110442_PSXX.jpg"
},
{
  "_id": {
    "$oid": "66f3a591d23ade1eec55fc27"
  },
  "unique_id": "8641",
  "product_name": "Comfort Weichspüler",
  "brand": "Comfort",
  "regular_price": 9.95,
  "selling_price": 9.95,
  "price_per_unit": "pro 2l | 1L = 4.98 CHF",
  "breadcrumb": "Sortiment > Sortiment > Comfort Weichspüler",
  "pdp_url": "https://sortiment.lidl.ch/de/comfort-weichspueler-0008641",
  "product_description": "Artikelnr.: 8641",
  "producthierarchy_level1": "Sortiment",
  "producthierarchy_level2": "Sortiment",
  "producthierarchy_level3": "Comfort Weichspüler",
  "producthierarchy_level4": "",
  "producthierarchy_level5": "",
  "producthierarchy_level6": "",
  "producthierarchy_level7": "",
  "currency": "Swiss franc",
  "file_name_1": "8641_1.jpg",
  "image_url_1": "https://sortiment.lidl.ch/media/catalog/product/cache/38c728e59b3a47950872534eff8a1e63/8/6/8641_80_Honeysuckle_PSXX.jpg",
  "file_name_2": "8641_2.jpg",
  "image_url_2": "https://sortiment.lidl.ch/media/catalog/product/cache/38c728e59b3a47950872534eff8a1e63/8/6/8641_Blue_Sky_PSXX.jpg",
  "file_name_3": "8641_3.jpg",
  "image_url_3": "https://sortiment.lidl.ch/media/catalog/product/cache/38c728e59b3a47950872534eff8a1e63/8/6/8641_Pure_PSXX.jpg"
},
{
  "_id": {
    "$oid": "66f3a593d23ade1eec55fc28"
  },
  "unique_id": "32080",
  "product_name": "Teekanne Harmonietee",
  "brand": "Teekanne",
  "regular_price": 2.95,
  "selling_price": 2.95,
  "price_per_unit": "pro 20x1,7g, 20x2g | 100g = 8.68, 7.38 CHF",
  "breadcrumb": "Sortiment > Sortiment > Teekanne Harmonietee",
  "pdp_url": "https://sortiment.lidl.ch/de/teekanne-harmonietee-0032080",
  "product_description": "Artikelnr.: 32080",
  "producthierarchy_level1": "Sortiment",
  "producthierarchy_level2": "Sortiment",
  "producthierarchy_level3": "Teekanne Harmonietee",
  "producthierarchy_level4": "",
  "producthierarchy_level5": "",
  "producthierarchy_level6": "",
  "producthierarchy_level7": "",
  "currency": "Swiss franc",
  "file_name_1": "32080_1.jpg",
  "image_url_1": "https://sortiment.lidl.ch/media/catalog/product/cache/38c728e59b3a47950872534eff8a1e63/3/2/32080_Hol_Dir_Kraft_PSXX.jpg",
  "file_name_2": "32080_2.jpg",
  "image_url_2": "https://sortiment.lidl.ch/media/catalog/product/cache/38c728e59b3a47950872534eff8a1e63/3/2/32080_Innere_Ruhe_PSXX.jpg",
  "file_name_3": "32080_3.jpg",
  "image_url_3": "https://sortiment.lidl.ch/media/catalog/product/cache/38c728e59b3a47950872534eff8a1e63/3/2/32080_Magenfein_PSXX.jpg",
  "file_name_4": "32080_4.jpg",
  "image_url_4": "https://sortiment.lidl.ch/media/catalog/product/cache/38c728e59b3a47950872534eff8a1e63/3/2/32080_Traeum_schoen_PSXX.jpg"
},
{
  "_id": {
    "$oid": "66f3a594d23ade1eec55fc29"
  },
  "unique_id": "110541",
  "product_name": "Geschälte Tomaten",
  "brand": "Baresa",
  "regular_price": 1.29,
  "selling_price": 0.99,
  "price_per_unit": "pro 800g | 100g = 0.21 CHF",
  "breadcrumb": "Sortiment > Sortiment > Geschälte Tomaten",
  "pdp_url": "https://sortiment.lidl.ch/de/geschaelte-tomaten-0110541",
  "product_description": "Artikelnr.: 110541",
  "producthierarchy_level1": "Sortiment",
  "producthierarchy_level2": "Sortiment",
  "producthierarchy_level3": "Geschälte Tomaten",
  "producthierarchy_level4": "",
  "producthierarchy_level5": "",
  "producthierarchy_level6": "",
  "producthierarchy_level7": "",
  "currency": "Swiss franc",
  "file_name_1": "110541_1.jpg",
  "image_url_1": "https://sortiment.lidl.ch/media/catalog/product/cache/38c728e59b3a47950872534eff8a1e63/1/1/110541_PSXX.jpg"
},
{
  "_id": {
    "$oid": "66f3a595d23ade1eec55fc2a"
  },
  "unique_id": "137493",
  "product_name": "Mineralwasser",
  "brand": "Saskia",
  "regular_price": 2.39,
  "selling_price": 2.39,
  "price_per_unit": "pro 9x0,5l | 1L = 0.54 CHF",
  "breadcrumb": "Sortiment > Sortiment > Mineralwasser",
  "pdp_url": "https://sortiment.lidl.ch/de/mineralwasser-0137493",
  "product_description": "Artikelnr.: 137493",
  "producthierarchy_level1": "Sortiment",
  "producthierarchy_level2": "Sortiment",
  "producthierarchy_level3": "Mineralwasser",
  "producthierarchy_level4": "",
  "producthierarchy_level5": "",
  "producthierarchy_level6": "",
  "producthierarchy_level7": "",
  "currency": "Swiss franc",
  "file_name_1": "137493_1.jpg",
  "image_url_1": "https://sortiment.lidl.ch/media/catalog/product/cache/38c728e59b3a47950872534eff8a1e63/1/3/137493_PSPX.jpg",
  "file_name_2": "137493_2.jpg",
  "image_url_2": "https://sortiment.lidl.ch/media/catalog/product/cache/38c728e59b3a47950872534eff8a1e63/1/3/137493_PSXX.jpg"
},
{
  "_id": {
    "$oid": "66f3a596d23ade1eec55fc2b"
  },
  "unique_id": "158231",
  "product_name": "Hundesnacks Premium",
  "brand": "Orlando",
  "regular_price": 2.49,
  "selling_price": 2.49,
  "price_per_unit": "pro 100g",
  "breadcrumb": "Sortiment > Sortiment > Hundesnacks Premium",
  "pdp_url": "https://sortiment.lidl.ch/de/hundesnacks-premium-0158231",
  "product_description": "Artikelnr.: 158231",
  "producthierarchy_level1": "Sortiment",
  "producthierarchy_level2": "Sortiment",
  "producthierarchy_level3": "Hundesnacks Premium",
  "producthierarchy_level4": "",
  "producthierarchy_level5": "",
  "producthierarchy_level6": "",
  "producthierarchy_level7": "",
  "currency": "Swiss franc",
  "file_name_1": "158231_1.jpg",
  "image_url_1": "https://sortiment.lidl.ch/media/catalog/product/cache/38c728e59b3a47950872534eff8a1e63/1/5/158231_Beef_Chew_Strips_PSXX.jpg",
  "file_name_2": "158231_2.jpg",
  "image_url_2": "https://sortiment.lidl.ch/media/catalog/product/cache/38c728e59b3a47950872534eff8a1e63/1/5/158231_Beef_Chips_PSXX.jpg",
  "file_name_3": "158231_3.jpg",
  "image_url_3": "https://sortiment.lidl.ch/media/catalog/product/cache/38c728e59b3a47950872534eff8a1e63/1/5/158231_Chicken_Chips_PSXX.jpg"
},
{
  "_id": {
    "$oid": "66f3a597d23ade1eec55fc2c"
  },
  "unique_id": "5108675",
  "product_name": "Bündner Nusstorte",
  "brand": "Deluxe",
  "regular_price": 5.99,
  "selling_price": 5.99,
  "price_per_unit": "pro 300g | 100g = 2.00 CHF",
  "breadcrumb": "Sortiment > Sortiment > Bündner Nusstorte",
  "pdp_url": "https://sortiment.lidl.ch/de/buendner-nusstorte-5108675",
  "product_description": "Artikelnr.: 5108675",
  "producthierarchy_level1": "Sortiment",
  "producthierarchy_level2": "Sortiment",
  "producthierarchy_level3": "Bündner Nusstorte",
  "producthierarchy_level4": "",
  "producthierarchy_level5": "",
  "producthierarchy_level6": "",
  "producthierarchy_level7": "",
  "currency": "Swiss franc",
  "file_name_1": "5108675_1.jpg",
  "image_url_1": "https://sortiment.lidl.ch/media/catalog/product/cache/38c728e59b3a47950872534eff8a1e63/5/1/5108675_Deluxe_PSXX.jpg"
},
{
  "_id": {
    "$oid": "66f3a599d23ade1eec55fc2d"
  },
  "unique_id": "12590",
  "product_name": "Langkornreis im Kochbeutel",
  "brand": "Golden Sun",
  "regular_price": 1.99,
  "selling_price": 1.99,
  "price_per_unit": "pro 8x125g",
  "breadcrumb": "Sortiment > Sortiment > Langkornreis im Kochbeutel",
  "pdp_url": "https://sortiment.lidl.ch/de/langkornreis-im-kochbeutel-0012590",
  "product_description": "Artikelnr.: 12590",
  "producthierarchy_level1": "Sortiment",
  "producthierarchy_level2": "Sortiment",
  "producthierarchy_level3": "Langkornreis im Kochbeutel",
  "producthierarchy_level4": "",
  "producthierarchy_level5": "",
  "producthierarchy_level6": "",
  "producthierarchy_level7": "",
  "currency": "Swiss franc",
  "file_name_1": "12590_1.jpg",
  "image_url_1": "https://sortiment.lidl.ch/media/catalog/product/cache/38c728e59b3a47950872534eff8a1e63/1/2/12590_PSXX.jpg"
},
{
  "_id": {
    "$oid": "66f3a59bd23ade1eec55fc2e"
  },
  "unique_id": "168464",
  "product_name": "Big Sushi Set Salmon mix Box",
  "brand": "Chef Select",
  "regular_price": 12.99,
  "selling_price": 12.99,
  "price_per_unit": "pro 379g, 434,5g | 100g = 3.43, 3.00, 259.80 CHF",
  "breadcrumb": "Sortiment > Sortiment > Big Sushi Set Salmon mix Box",
  "pdp_url": "https://sortiment.lidl.ch/de/big-sushi-set-salmon-mix-box-0168464",
  "product_description": "Artikelnr.: 168464",
  "producthierarchy_level1": "Sortiment",
  "producthierarchy_level2": "Sortiment",
  "producthierarchy_level3": "Big Sushi Set Salmon mix Box",
  "producthierarchy_level4": "",
  "producthierarchy_level5": "",
  "producthierarchy_level6": "",
  "producthierarchy_level7": "",
  "currency": "Swiss franc",
  "file_name_1": "168464_1.jpg",
  "image_url_1": "https://sortiment.lidl.ch/media/catalog/product/cache/38c728e59b3a47950872534eff8a1e63/1/6/168464_FKBF.jpg"
},
{
  "_id": {
    "$oid": "66f3a59cd23ade1eec55fc2f"
  },
  "unique_id": "162465",
  "product_name": "Ice Tea",
  "brand": "Solevita",
  "regular_price": 0.49,
  "selling_price": 0.49,
  "price_per_unit": "pro 0,5l | 1L = 0.98 CHF",
  "breadcrumb": "Sortiment > Sortiment > Ice Tea",
  "pdp_url": "https://sortiment.lidl.ch/de/ice-tea-0162465",
  "product_description": "Artikelnr.: 162465",
  "producthierarchy_level1": "Sortiment",
  "producthierarchy_level2": "Sortiment",
  "producthierarchy_level3": "Ice Tea",
  "producthierarchy_level4": "",
  "producthierarchy_level5": "",
  "producthierarchy_level6": "",
  "producthierarchy_level7": "",
  "currency": "Swiss franc",
  "file_name_1": "162465_1.jpg",
  "image_url_1": "https://sortiment.lidl.ch/media/catalog/product/cache/38c728e59b3a47950872534eff8a1e63/1/6/162465_Gruentee_PSXX.jpg",
  "file_name_2": "162465_2.jpg",
  "image_url_2": "https://sortiment.lidl.ch/media/catalog/product/cache/38c728e59b3a47950872534eff8a1e63/1/6/162465_Schwarztee_PSXX.jpg"
},
{
  "_id": {
    "$oid": "66f3a59dd23ade1eec55fc30"
  },
  "unique_id": "105034",
  "product_name": "Peperoncini",
  "brand": "Freshona",
  "regular_price": 1.35,
  "selling_price": 1.35,
  "price_per_unit": "pro 135g, 165g (Abtropfgewicht) | 100g = 1.00, 0.82 CHF",
  "breadcrumb": "Sortiment > Sortiment > Peperoncini",
  "pdp_url": "https://sortiment.lidl.ch/de/peperoncini-0105034",
  "product_description": "Artikelnr.: 105034",
  "producthierarchy_level1": "Sortiment",
  "producthierarchy_level2": "Sortiment",
  "producthierarchy_level3": "Peperoncini",
  "producthierarchy_level4": "",
  "producthierarchy_level5": "",
  "producthierarchy_level6": "",
  "producthierarchy_level7": "",
  "currency": "Swiss franc",
  "file_name_1": "105034_1.jpg",
  "image_url_1": "https://sortiment.lidl.ch/media/catalog/product/cache/38c728e59b3a47950872534eff8a1e63/1/0/105034_mild_PSXX.jpg",
  "file_name_2": "105034_2.jpg",
  "image_url_2": "https://sortiment.lidl.ch/media/catalog/product/cache/38c728e59b3a47950872534eff8a1e63/1/0/105034_scharf_PSXX.jpg"
},
{
  "_id": {
    "$oid": "66f3a59fd23ade1eec55fc31"
  },
  "unique_id": "133303",
  "product_name": "Bio gehackte Tomaten classic",
  "brand": "Baresa",
  "regular_price": 0.95,
  "selling_price": 0.95,
  "price_per_unit": "pro 400g | 100g = 0.24 CHF",
  "breadcrumb": "Sortiment > Sortiment > Bio gehackte Tomaten classic",
  "pdp_url": "https://sortiment.lidl.ch/de/bio-gehackte-tomaten-classic-0133303",
  "product_description": "Artikelnr.: 133303",
  "producthierarchy_level1": "Sortiment",
  "producthierarchy_level2": "Sortiment",
  "producthierarchy_level3": "Bio gehackte Tomaten classic",
  "producthierarchy_level4": "",
  "producthierarchy_level5": "",
  "producthierarchy_level6": "",
  "producthierarchy_level7": "",
  "currency": "Swiss franc",
  "file_name_1": "133303_1.jpg",
  "image_url_1": "https://sortiment.lidl.ch/media/catalog/product/cache/38c728e59b3a47950872534eff8a1e63/1/3/133303_PSXX.jpg"
},
{
  "_id": {
    "$oid": "66f3a5a0d23ade1eec55fc32"
  },
  "unique_id": "29806",
  "product_name": "Pfirsiche halbe Frucht",
  "brand": "Freshona",
  "regular_price": 1.49,
  "selling_price": 1.49,
  "price_per_unit": "pro 480g (Abtropfgewicht) | 100g = 0.32 CHF",
  "breadcrumb": "Sortiment > Sortiment > Pfirsiche halbe Frucht",
  "pdp_url": "https://sortiment.lidl.ch/de/pfirsiche-halbe-frucht-0029806",
  "product_description": "Artikelnr.: 29806",
  "producthierarchy_level1": "Sortiment",
  "producthierarchy_level2": "Sortiment",
  "producthierarchy_level3": "Pfirsiche halbe Frucht",
  "producthierarchy_level4": "",
  "producthierarchy_level5": "",
  "producthierarchy_level6": "",
  "producthierarchy_level7": "",
  "currency": "Swiss franc",
  "file_name_1": "29806_1.jpg",
  "image_url_1": "https://sortiment.lidl.ch/media/catalog/product/cache/38c728e59b3a47950872534eff8a1e63/2/9/29806_PSXX.jpg"
},
{
  "_id": {
    "$oid": "66f3a5a2d23ade1eec55fc33"
  },
  "unique_id": "153580",
  "product_name": "High Protein Eisbecher",
  "brand": "Gelatelli",
  "regular_price": 3.99,
  "selling_price": 3.99,
  "price_per_unit": "pro 500ml | 1L = 7.98 CHF",
  "breadcrumb": "Sortiment > Sortiment > High Protein Eisbecher",
  "pdp_url": "https://sortiment.lidl.ch/de/high-protein-eisbecher-0153580",
  "product_description": "Artikelnr.: 153580",
  "producthierarchy_level1": "Sortiment",
  "producthierarchy_level2": "Sortiment",
  "producthierarchy_level3": "High Protein Eisbecher",
  "producthierarchy_level4": "",
  "producthierarchy_level5": "",
  "producthierarchy_level6": "",
  "producthierarchy_level7": "",
  "currency": "Swiss franc",
  "file_name_1": "153580_1.jpg",
  "image_url_1": "https://sortiment.lidl.ch/media/catalog/product/cache/38c728e59b3a47950872534eff8a1e63/1/5/153580_Cookies_Cream_PSXX.jpg",
  "file_name_2": "153580_2.jpg",
  "image_url_2": "https://sortiment.lidl.ch/media/catalog/product/cache/38c728e59b3a47950872534eff8a1e63/1/5/153580_Creamy_Chocolate_PSXX.jpg",
  "file_name_3": "153580_3.jpg",
  "image_url_3": "https://sortiment.lidl.ch/media/catalog/product/cache/38c728e59b3a47950872534eff8a1e63/1/5/153580_Salted_Caramel_PSXX.jpg"
},
{
  "_id": {
    "$oid": "66f3a5a3d23ade1eec55fc34"
  },
  "unique_id": "5110247",
  "product_name": "Grillbutter Rosetten",
  "brand": "Milbona",
  "regular_price": 2.65,
  "selling_price": 2.65,
  "price_per_unit": "pro 60g | 100g = 4.42 CHF",
  "breadcrumb": "Sortiment > Sortiment > Grillbutter Rosetten",
  "pdp_url": "https://sortiment.lidl.ch/de/grillbutter-rosetten-5110247",
  "product_description": "Artikelnr.: 5110247",
  "producthierarchy_level1": "Sortiment",
  "producthierarchy_level2": "Sortiment",
  "producthierarchy_level3": "Grillbutter Rosetten",
  "producthierarchy_level4": "",
  "producthierarchy_level5": "",
  "producthierarchy_level6": "",
  "producthierarchy_level7": "",
  "currency": "Swiss franc",
  "file_name_1": "5110247_1.jpg",
  "image_url_1": "https://sortiment.lidl.ch/media/catalog/product/cache/38c728e59b3a47950872534eff8a1e63/5/1/5110247_Kraeuter_PSXX.jpg"
},
{
  "_id": {
    "$oid": "66f3a5a4d23ade1eec55fc35"
  },
  "unique_id": "165197",
  "product_name": "Sojacrème",
  "brand": "Vemondo",
  "regular_price": 1.99,
  "selling_price": 1.99,
  "price_per_unit": "pro 500g | 100g = 0.40 CHF",
  "breadcrumb": "Sortiment > Sortiment > Sojacrème",
  "pdp_url": "https://sortiment.lidl.ch/de/sojacreme-0165197",
  "product_description": "Artikelnr.: 165197",
  "producthierarchy_level1": "Sortiment",
  "producthierarchy_level2": "Sortiment",
  "producthierarchy_level3": "Sojacrème",
  "producthierarchy_level4": "",
  "producthierarchy_level5": "",
  "producthierarchy_level6": "",
  "producthierarchy_level7": "",
  "currency": "Swiss franc",
  "file_name_1": "165197_1.jpg",
  "image_url_1": "https://sortiment.lidl.ch/media/catalog/product/cache/38c728e59b3a47950872534eff8a1e63/1/6/165197_Blueberry_PSXX.jpg",
  "file_name_2": "165197_2.jpg",
  "image_url_2": "https://sortiment.lidl.ch/media/catalog/product/cache/38c728e59b3a47950872534eff8a1e63/1/6/165197_Classic_PSXX.jpg",
  "file_name_3": "165197_3.jpg",
  "image_url_3": "https://sortiment.lidl.ch/media/catalog/product/cache/38c728e59b3a47950872534eff8a1e63/1/6/165197_Vanilla_PSXX.jpg"
},
{
  "_id": {
    "$oid": "66f3a5a5d23ade1eec55fc36"
  },
  "unique_id": "5110411",
  "product_name": "Mortadella mit Pistazien",
  "brand": "Deluxe",
  "regular_price": 2.99,
  "selling_price": 2.99,
  "price_per_unit": "pro 90g | 100g = 3.33 CHF",
  "breadcrumb": "Sortiment > Sortiment > Mortadella mit Pistazien",
  "pdp_url": "https://sortiment.lidl.ch/de/mortadella-mit-pistazien-5110411",
  "product_description": "Artikelnr.: 5110411",
  "producthierarchy_level1": "Sortiment",
  "producthierarchy_level2": "Sortiment",
  "producthierarchy_level3": "Mortadella mit Pistazien",
  "producthierarchy_level4": "",
  "producthierarchy_level5": "",
  "producthierarchy_level6": "",
  "producthierarchy_level7": "",
  "currency": "Swiss franc",
  "file_name_1": "5110411_1.jpg",
  "image_url_1": "https://sortiment.lidl.ch/media/catalog/product/cache/38c728e59b3a47950872534eff8a1e63/5/1/5110411_PSXX.jpg"
},
{
  "_id": {
    "$oid": "66f3a5a6d23ade1eec55fc37"
  },
  "unique_id": "5109002",
  "product_name": "Mostarda",
  "brand": "Deluxe",
  "regular_price": 1.75,
  "selling_price": 1.75,
  "price_per_unit": "pro 78g | 100g = 2.25 CHF",
  "breadcrumb": "Sortiment > Sortiment > Mostarda",
  "pdp_url": "https://sortiment.lidl.ch/de/mostarda-5109002",
  "product_description": "Artikelnr.: 5109002",
  "producthierarchy_level1": "Sortiment",
  "producthierarchy_level2": "Sortiment",
  "producthierarchy_level3": "Mostarda",
  "producthierarchy_level4": "",
  "producthierarchy_level5": "",
  "producthierarchy_level6": "",
  "producthierarchy_level7": "",
  "currency": "Swiss franc",
  "file_name_1": "5109002_1.jpg",
  "image_url_1": "https://sortiment.lidl.ch/media/catalog/product/cache/38c728e59b3a47950872534eff8a1e63/5/1/5109002_Deluxe_Birnensauce_PSXX.jpg",
  "file_name_2": "5109002_2.jpg",
  "image_url_2": "https://sortiment.lidl.ch/media/catalog/product/cache/38c728e59b3a47950872534eff8a1e63/5/1/5109002_Feigen_PSXX.jpg"
},
{
  "_id": {
    "$oid": "66f3a5a8d23ade1eec55fc38"
  },
  "unique_id": "124569",
  "product_name": "Bio Hafer Cookies",
  "brand": "Sondey",
  "regular_price": 2.29,
  "selling_price": 2.29,
  "price_per_unit": "pro 150g, 200g | 100g = 1.53, 1.15 CHF",
  "breadcrumb": "Sortiment > Sortiment > Bio Hafer Cookies",
  "pdp_url": "https://sortiment.lidl.ch/de/bio-hafer-cookies-0124569",
  "product_description": "Artikelnr.: 124569",
  "producthierarchy_level1": "Sortiment",
  "producthierarchy_level2": "Sortiment",
  "producthierarchy_level3": "Bio Hafer Cookies",
  "producthierarchy_level4": "",
  "producthierarchy_level5": "",
  "producthierarchy_level6": "",
  "producthierarchy_level7": "",
  "currency": "Swiss franc",
  "file_name_1": "124569_1.jpg",
  "image_url_1": "https://sortiment.lidl.ch/media/catalog/product/cache/38c728e59b3a47950872534eff8a1e63/1/2/124569_Hafer_PSXX.jpg",
  "file_name_2": "124569_2.jpg",
  "image_url_2": "https://sortiment.lidl.ch/media/catalog/product/cache/38c728e59b3a47950872534eff8a1e63/1/2/124569_Milchschokolade_PSXX.jpg",
  "file_name_3": "124569_3.jpg",
  "image_url_3": "https://sortiment.lidl.ch/media/catalog/product/cache/38c728e59b3a47950872534eff8a1e63/1/2/124569_dunkle_Schoko_PSXX.jpg"
},
{
  "_id": {
    "$oid": "66f3a5a9d23ade1eec55fc39"
  },
  "unique_id": "55195",
  "product_name": "Toilettenpapier 3-lagig Recycling",
  "brand": "Floralys",
  "regular_price": 5.95,
  "selling_price": 5.95,
  "price_per_unit": "pro 4000Blatt",
  "breadcrumb": "Sortiment > Sortiment > Toilettenpapier 3-lagig Recycling",
  "pdp_url": "https://sortiment.lidl.ch/de/toilettenpapier-3-lagig-recycling-0055195",
  "product_description": "Artikelnr.: 55195",
  "producthierarchy_level1": "Sortiment",
  "producthierarchy_level2": "Sortiment",
  "producthierarchy_level3": "Toilettenpapier 3-lagig Recycling",
  "producthierarchy_level4": "",
  "producthierarchy_level5": "",
  "producthierarchy_level6": "",
  "producthierarchy_level7": "",
  "currency": "Swiss franc",
  "file_name_1": "55195_1.jpg",
  "image_url_1": "https://sortiment.lidl.ch/media/catalog/product/cache/38c728e59b3a47950872534eff8a1e63/5/5/55195_PSXX.jpg"
},
{
  "_id": {
    "$oid": "66f3a5aad23ade1eec55fc3a"
  },
  "unique_id": "5100841",
  "product_name": "Eliosoft Weichspüler 3l 100 WL",
  "brand": "Eliosoft",
  "regular_price": 2.25,
  "selling_price": 2.25,
  "price_per_unit": "pro 3l | 1L = 0.75 CHF",
  "breadcrumb": "Sortiment > Sortiment > Eliosoft Weichspüler 3l 100 WL",
  "pdp_url": "https://sortiment.lidl.ch/de/eliosoft-weichspueler-3l-100-wl-5100841",
  "product_description": "Artikelnr.: 5100841",
  "producthierarchy_level1": "Sortiment",
  "producthierarchy_level2": "Sortiment",
  "producthierarchy_level3": "Eliosoft Weichspüler 3l 100 WL",
  "producthierarchy_level4": "",
  "producthierarchy_level5": "",
  "producthierarchy_level6": "",
  "producthierarchy_level7": "",
  "currency": "Swiss franc",
  "file_name_1": "5100841_1.jpg",
  "image_url_1": "https://sortiment.lidl.ch/media/amasty/amoptmobile/catalog/product/cache/38c728e59b3a47950872534eff8a1e63/5/1/5100841_PSXX.jpg"
},
{
  "_id": {
    "$oid": "66f3a5abd23ade1eec55fc3b"
  },
  "unique_id": "5110246",
  "product_name": "Ovomaltine Drink",
  "brand": "Ovomaltine",
  "regular_price": 1.95,
  "selling_price": 1.95,
  "price_per_unit": "pro 250ml | 1L = 7.80 CHF",
  "breadcrumb": "Sortiment > Sortiment > Ovomaltine Drink",
  "pdp_url": "https://sortiment.lidl.ch/de/ovomaltine-drink-5110246",
  "product_description": "Artikelnr.: 5110246",
  "producthierarchy_level1": "Sortiment",
  "producthierarchy_level2": "Sortiment",
  "producthierarchy_level3": "Ovomaltine Drink",
  "producthierarchy_level4": "",
  "producthierarchy_level5": "",
  "producthierarchy_level6": "",
  "producthierarchy_level7": "",
  "currency": "Swiss franc",
  "file_name_1": "5110246_1.jpg",
  "image_url_1": "https://sortiment.lidl.ch/media/catalog/product/cache/38c728e59b3a47950872534eff8a1e63/5/1/5110246_PSXX.jpg"
},
{
  "_id": {
    "$oid": "66f3a5add23ade1eec55fc3c"
  },
  "unique_id": "170904",
  "product_name": "Nature Universalreiniger",
  "brand": "W5 Nature",
  "regular_price": 2.49,
  "selling_price": 2.49,
  "price_per_unit": "pro 1,5l | 1L = 1.66 CHF",
  "breadcrumb": "Sortiment > Sortiment > Nature Universalreiniger",
  "pdp_url": "https://sortiment.lidl.ch/de/nature-universalreiniger-0170904",
  "product_description": "Artikelnr.: 170904",
  "producthierarchy_level1": "Sortiment",
  "producthierarchy_level2": "Sortiment",
  "producthierarchy_level3": "Nature Universalreiniger",
  "producthierarchy_level4": "",
  "producthierarchy_level5": "",
  "producthierarchy_level6": "",
  "producthierarchy_level7": "",
  "currency": "Swiss franc",
  "file_name_1": "170904_1.jpg",
  "image_url_1": "https://sortiment.lidl.ch/media/catalog/product/cache/38c728e59b3a47950872534eff8a1e63/1/7/170904_PSXX.jpg"
},
{
  "_id": {
    "$oid": "66f3a5aed23ade1eec55fc3d"
  },
  "unique_id": "55871",
  "product_name": "Premium Hundesnacks",
  "brand": "Orlando",
  "regular_price": 1.35,
  "selling_price": 1.35,
  "price_per_unit": "pro 100g",
  "breadcrumb": "Sortiment > Sortiment > Premium Hundesnacks",
  "pdp_url": "https://sortiment.lidl.ch/de/premium-hundesnacks-0055871",
  "product_description": "Artikelnr.: 55871",
  "producthierarchy_level1": "Sortiment",
  "producthierarchy_level2": "Sortiment",
  "producthierarchy_level3": "Premium Hundesnacks",
  "producthierarchy_level4": "",
  "producthierarchy_level5": "",
  "producthierarchy_level6": "",
  "producthierarchy_level7": "",
  "currency": "Swiss franc",
  "file_name_1": "55871_1.jpg",
  "image_url_1": "https://sortiment.lidl.ch/media/catalog/product/cache/38c728e59b3a47950872534eff8a1e63/5/5/55871_Ente_EN_PSXX.jpg",
  "file_name_2": "55871_2.jpg",
  "image_url_2": "https://sortiment.lidl.ch/media/catalog/product/cache/38c728e59b3a47950872534eff8a1e63/5/5/55871_Ente_PSXX.jpg",
  "file_name_3": "55871_3.jpg",
  "image_url_3": "https://sortiment.lidl.ch/media/catalog/product/cache/38c728e59b3a47950872534eff8a1e63/5/5/55871_Huhn_EN_PSXX.jpg",
  "file_name_4": "55871_4.jpg",
  "image_url_4": "https://sortiment.lidl.ch/media/catalog/product/cache/38c728e59b3a47950872534eff8a1e63/5/5/55871_Huhn_PSXX.jpg",
  "file_name_5": "55871_5.jpg",
  "image_url_5": "https://sortiment.lidl.ch/media/catalog/product/cache/38c728e59b3a47950872534eff8a1e63/5/5/55871_Rind_PSXX.jpg",
  "file_name_6": "55871_6.jpg",
  "image_url_6": "https://sortiment.lidl.ch/media/catalog/product/cache/38c728e59b3a47950872534eff8a1e63/5/5/55871_Salami_EN_PSXX.jpg",
  "file_name_7": "55871_7.jpg",
  "image_url_7": "https://sortiment.lidl.ch/media/catalog/product/cache/38c728e59b3a47950872534eff8a1e63/5/5/55871_Salami_PSXX.jpg"
},
{
  "_id": {
    "$oid": "66f3a5afd23ade1eec55fc3e"
  },
  "unique_id": "163321",
  "product_name": "Vegane Fruchtgummi sauer",
  "brand": "Sweet Corner",
  "regular_price": 1.99,
  "selling_price": 1.99,
  "price_per_unit": "pro 350g | 100g = 0.57 CHF",
  "breadcrumb": "Sortiment > Sortiment > Vegane Fruchtgummi sauer",
  "pdp_url": "https://sortiment.lidl.ch/de/vegane-fruchtgummi-sauer-0163321",
  "product_description": "Artikelnr.: 163321",
  "producthierarchy_level1": "Sortiment",
  "producthierarchy_level2": "Sortiment",
  "producthierarchy_level3": "Vegane Fruchtgummi sauer",
  "producthierarchy_level4": "",
  "producthierarchy_level5": "",
  "producthierarchy_level6": "",
  "producthierarchy_level7": "",
  "currency": "Swiss franc",
  "file_name_1": "163321_1.jpg",
  "image_url_1": "https://sortiment.lidl.ch/media/catalog/product/cache/38c728e59b3a47950872534eff8a1e63/1/6/163321_PSXX.jpg"
},
{
  "_id": {
    "$oid": "66f3a5b1d23ade1eec55fc3f"
  },
  "unique_id": "163320",
  "product_name": "Vegane Fruchtgummi Märchenwelt",
  "brand": "Sweet Corner",
  "regular_price": 1.99,
  "selling_price": 1.99,
  "price_per_unit": "pro 350g | 100g = 0.57 CHF",
  "breadcrumb": "Sortiment > Sortiment > Vegane Fruchtgummi Märchenwelt",
  "pdp_url": "https://sortiment.lidl.ch/de/vegane-fruchtgummi-maerchenwelt-0163320",
  "product_description": "Artikelnr.: 163320",
  "producthierarchy_level1": "Sortiment",
  "producthierarchy_level2": "Sortiment",
  "producthierarchy_level3": "Vegane Fruchtgummi Märchenwelt",
  "producthierarchy_level4": "",
  "producthierarchy_level5": "",
  "producthierarchy_level6": "",
  "producthierarchy_level7": "",
  "currency": "Swiss franc",
  "file_name_1": "163320_1.jpg",
  "image_url_1": "https://sortiment.lidl.ch/media/catalog/product/cache/38c728e59b3a47950872534eff8a1e63/1/6/163320_PSXX.jpg"
},
{
  "_id": {
    "$oid": "66f3a5b2d23ade1eec55fc40"
  },
  "unique_id": "5110245",
  "product_name": "Ovomaltine Ovo Rocks Snack",
  "brand": "Ovomaltine",
  "regular_price": 4.15,
  "selling_price": 4.15,
  "price_per_unit": "pro 120g | 100g = 3.46 CHF",
  "breadcrumb": "Sortiment > Sortiment > Ovomaltine Ovo Rocks Snack",
  "pdp_url": "https://sortiment.lidl.ch/de/ovomaltine-ovo-rocks-snack-5110245",
  "product_description": "Artikelnr.: 5110245",
  "producthierarchy_level1": "Sortiment",
  "producthierarchy_level2": "Sortiment",
  "producthierarchy_level3": "Ovomaltine Ovo Rocks Snack",
  "producthierarchy_level4": "",
  "producthierarchy_level5": "",
  "producthierarchy_level6": "",
  "producthierarchy_level7": "",
  "currency": "Swiss franc",
  "file_name_1": "5110245_1.jpg",
  "image_url_1": "https://sortiment.lidl.ch/media/catalog/product/cache/38c728e59b3a47950872534eff8a1e63/5/1/5110245_PSXX.jpg"
},
{
  "_id": {
    "$oid": "66f3a5b4d23ade1eec55fc41"
  },
  "unique_id": "5110242",
  "product_name": "Ovomaltine Crunchy Tafelschokolade",
  "brand": "Ovomaltine",
  "regular_price": 2.69,
  "selling_price": 2.69,
  "price_per_unit": "pro 100g",
  "breadcrumb": "Sortiment > Sortiment > Ovomaltine Crunchy Tafelschokolade",
  "pdp_url": "https://sortiment.lidl.ch/de/ovomaltine-crunchy-tafelschokolade-5110242",
  "product_description": "Artikelnr.: 5110242",
  "producthierarchy_level1": "Sortiment",
  "producthierarchy_level2": "Sortiment",
  "producthierarchy_level3": "Ovomaltine Crunchy Tafelschokolade",
  "producthierarchy_level4": "",
  "producthierarchy_level5": "",
  "producthierarchy_level6": "",
  "producthierarchy_level7": "",
  "currency": "Swiss franc",
  "file_name_1": "5110242_1.jpg",
  "image_url_1": "https://sortiment.lidl.ch/media/catalog/product/cache/38c728e59b3a47950872534eff8a1e63/5/1/5110242_Front_PSXX.jpg",
  "file_name_2": "5110242_2.jpg",
  "image_url_2": "https://sortiment.lidl.ch/media/catalog/product/cache/38c728e59b3a47950872534eff8a1e63/5/1/5110242_Seite_PSXX.jpg"
},
{
  "_id": {
    "$oid": "66f3a5b6d23ade1eec55fc42"
  },
  "unique_id": "5110244",
  "product_name": "Ovomaltine Petit Beurre",
  "brand": "Ovomaltine",
  "regular_price": 4.19,
  "selling_price": 4.19,
  "price_per_unit": "pro 145g | 100g = 2.89 CHF",
  "breadcrumb": "Sortiment > Sortiment > Ovomaltine Petit Beurre",
  "pdp_url": "https://sortiment.lidl.ch/de/ovomaltine-petit-beurre-5110244",
  "product_description": "Artikelnr.: 5110244",
  "producthierarchy_level1": "Sortiment",
  "producthierarchy_level2": "Sortiment",
  "producthierarchy_level3": "Ovomaltine Petit Beurre",
  "producthierarchy_level4": "",
  "producthierarchy_level5": "",
  "producthierarchy_level6": "",
  "producthierarchy_level7": "",
  "currency": "Swiss franc",
  "file_name_1": "5110244_1.jpg",
  "image_url_1": "https://sortiment.lidl.ch/media/catalog/product/cache/38c728e59b3a47950872534eff8a1e63/5/1/5110244_PSXX.jpg",
  "file_name_2": "5110244_2.jpg",
  "image_url_2": "https://sortiment.lidl.ch/media/catalog/product/cache/38c728e59b3a47950872534eff8a1e63/5/1/5110244_Seite_PSXX.jpg"
},
{
  "_id": {
    "$oid": "66f3a5b7d23ade1eec55fc43"
  },
  "unique_id": "5110243",
  "product_name": "Ovomaltine Crunchy Biscuit",
  "brand": "Ovomaltine",
  "regular_price": 4.19,
  "selling_price": 4.19,
  "price_per_unit": "pro 250g | 100g = 1.68 CHF",
  "breadcrumb": "Sortiment > Sortiment > Ovomaltine Crunchy Biscuit",
  "pdp_url": "https://sortiment.lidl.ch/de/ovomaltine-crunchy-biscuit-5110243",
  "product_description": "Artikelnr.: 5110243",
  "producthierarchy_level1": "Sortiment",
  "producthierarchy_level2": "Sortiment",
  "producthierarchy_level3": "Ovomaltine Crunchy Biscuit",
  "producthierarchy_level4": "",
  "producthierarchy_level5": "",
  "producthierarchy_level6": "",
  "producthierarchy_level7": "",
  "currency": "Swiss franc",
  "file_name_1": "5110243_1.jpg",
  "image_url_1": "https://sortiment.lidl.ch/media/catalog/product/cache/38c728e59b3a47950872534eff8a1e63/5/1/5110243_PSXX.jpg",
  "file_name_2": "5110243_2.jpg",
  "image_url_2": "https://sortiment.lidl.ch/media/catalog/product/cache/38c728e59b3a47950872534eff8a1e63/5/1/5110243_Seite_PSXX.jpg",
  "file_name_3": "5110243_3.jpg",
  "image_url_3": "https://sortiment.lidl.ch/media/catalog/product/cache/38c728e59b3a47950872534eff8a1e63/5/1/5110243_Trio_PSXX.jpg"
},
{
  "_id": {
    "$oid": "66f3a5b8d23ade1eec55fc44"
  },
  "unique_id": "167773",
  "product_name": "Vogelnestli",
  "brand": "Sondey",
  "regular_price": 2.99,
  "selling_price": 2.99,
  "price_per_unit": "pro 225g | 100g = 1.33 CHF",
  "breadcrumb": "Sortiment > Sortiment > Vogelnestli",
  "pdp_url": "https://sortiment.lidl.ch/de/vogelnestli-0167773",
  "product_description": "Artikelnr.: 167773",
  "producthierarchy_level1": "Sortiment",
  "producthierarchy_level2": "Sortiment",
  "producthierarchy_level3": "Vogelnestli",
  "producthierarchy_level4": "",
  "producthierarchy_level5": "",
  "producthierarchy_level6": "",
  "producthierarchy_level7": "",
  "currency": "Swiss franc",
  "file_name_1": "167773_1.jpg",
  "image_url_1": "https://sortiment.lidl.ch/media/catalog/product/cache/38c728e59b3a47950872534eff8a1e63/1/6/167773_PSXX.jpg"
},
{
  "_id": {
    "$oid": "66f3a5b9d23ade1eec55fc45"
  },
  "unique_id": "154573",
  "product_name": "Spitzbuben",
  "brand": "Sondey",
  "regular_price": 2.79,
  "selling_price": 2.79,
  "price_per_unit": "pro 200g | 100g = 1.40 CHF",
  "breadcrumb": "Sortiment > Sortiment > Spitzbuben",
  "pdp_url": "https://sortiment.lidl.ch/de/spitzbuben-0154573",
  "product_description": "Artikelnr.: 154573",
  "producthierarchy_level1": "Sortiment",
  "producthierarchy_level2": "Sortiment",
  "producthierarchy_level3": "Spitzbuben",
  "producthierarchy_level4": "",
  "producthierarchy_level5": "",
  "producthierarchy_level6": "",
  "producthierarchy_level7": "",
  "currency": "Swiss franc",
  "file_name_1": "154573_1.jpg",
  "image_url_1": "https://sortiment.lidl.ch/media/catalog/product/cache/38c728e59b3a47950872534eff8a1e63/1/5/154573_PSXX.jpg"
},
{
  "_id": {
    "$oid": "66f3a5bbd23ade1eec55fc46"
  },
  "unique_id": "152548",
  "product_name": "Biskuits",
  "brand": "Sondey",
  "regular_price": 1.75,
  "selling_price": 1.75,
  "price_per_unit": "pro 175g | 100g = 1.00 CHF",
  "breadcrumb": "Sortiment > Sortiment > Biskuits",
  "pdp_url": "https://sortiment.lidl.ch/de/biskuits-0152548",
  "product_description": "Artikelnr.: 152548",
  "producthierarchy_level1": "Sortiment",
  "producthierarchy_level2": "Sortiment",
  "producthierarchy_level3": "Biskuits",
  "producthierarchy_level4": "",
  "producthierarchy_level5": "",
  "producthierarchy_level6": "",
  "producthierarchy_level7": "",
  "currency": "Swiss franc",
  "file_name_1": "152548_1.jpg",
  "image_url_1": "https://sortiment.lidl.ch/media/catalog/product/cache/38c728e59b3a47950872534eff8a1e63/1/5/152548_PSXX.jpg"
},
{
  "_id": {
    "$oid": "66f3a5bcd23ade1eec55fc47"
  },
  "unique_id": "164723",
  "product_name": "Rote Kidney-Bohnen",
  "brand": "Freshona",
  "regular_price": 2.49,
  "selling_price": 2.49,
  "price_per_unit": "pro 390g (Abtropfgewicht) | 100g = 0.64 CHF",
  "breadcrumb": "Sortiment > Sortiment > Rote Kidney-Bohnen",
  "pdp_url": "https://sortiment.lidl.ch/de/rote-kidney-bohnen-0164723",
  "product_description": "Artikelnr.: 164723",
  "producthierarchy_level1": "Sortiment",
  "producthierarchy_level2": "Sortiment",
  "producthierarchy_level3": "Rote Kidney-Bohnen",
  "producthierarchy_level4": "",
  "producthierarchy_level5": "",
  "producthierarchy_level6": "",
  "producthierarchy_level7": "",
  "currency": "Swiss franc",
  "file_name_1": "164723_1.jpg",
  "image_url_1": "https://sortiment.lidl.ch/media/amasty/amoptmobile/catalog/product/cache/38c728e59b3a47950872534eff8a1e63/1/6/164723_PSXX.jpg"
},
{
  "_id": {
    "$oid": "66f3a5bed23ade1eec55fc48"
  },
  "unique_id": "6906368",
  "product_name": "Tomatenketchup",
  "brand": "Kania",
  "regular_price": 1.19,
  "selling_price": 1.19,
  "price_per_unit": "pro 1000g",
  "breadcrumb": "Sortiment > Sortiment > Tomatenketchup",
  "pdp_url": "https://sortiment.lidl.ch/de/tomatenketchup-6906368",
  "product_description": "Artikelnr.: 6906368",
  "producthierarchy_level1": "Sortiment",
  "producthierarchy_level2": "Sortiment",
  "producthierarchy_level3": "Tomatenketchup",
  "producthierarchy_level4": "",
  "producthierarchy_level5": "",
  "producthierarchy_level6": "",
  "producthierarchy_level7": "",
  "currency": "Swiss franc",
  "file_name_1": "6906368_1.jpg",
  "image_url_1": "https://sortiment.lidl.ch/media/catalog/product/cache/38c728e59b3a47950872534eff8a1e63/6/9/6906368_PSXX.jpg"
},
{
  "_id": {
    "$oid": "66f3a5bfd23ade1eec55fc49"
  },
  "unique_id": "6011335",
  "product_name": "Bio Mandeldrink ohne Zucker",
  "brand": "Vemondo",
  "regular_price": 1.59,
  "selling_price": 1.59,
  "price_per_unit": "pro 1l",
  "breadcrumb": "Sortiment > Sortiment > Bio Mandeldrink ohne Zucker",
  "pdp_url": "https://sortiment.lidl.ch/de/bio-mandeldrink-ohne-zucker-6011335",
  "product_description": "Artikelnr.: 6011335",
  "producthierarchy_level1": "Sortiment",
  "producthierarchy_level2": "Sortiment",
  "producthierarchy_level3": "Bio Mandeldrink ohne Zucker",
  "producthierarchy_level4": "",
  "producthierarchy_level5": "",
  "producthierarchy_level6": "",
  "producthierarchy_level7": "",
  "currency": "Swiss franc",
  "file_name_1": "6011335_1.jpg",
  "image_url_1": "https://sortiment.lidl.ch/media/catalog/product/cache/38c728e59b3a47950872534eff8a1e63/6/0/6011335_Kolli_PSXX.jpg",
  "file_name_2": "6011335_2.jpg",
  "image_url_2": "https://sortiment.lidl.ch/media/catalog/product/cache/38c728e59b3a47950872534eff8a1e63/6/0/6011335_PSXX.jpg"
},
{
  "_id": {
    "$oid": "66f3a5c0d23ade1eec55fc4a"
  },
  "unique_id": "5109920",
  "product_name": "Mega-Hamburger",
  "brand": "Bonvalle",
  "regular_price": 5.49,
  "selling_price": 5.49,
  "price_per_unit": "pro 2x150g | 100g = 1.83 CHF",
  "breadcrumb": "Sortiment > Sortiment > Mega-Hamburger",
  "pdp_url": "https://sortiment.lidl.ch/de/mega-hamburger-5109920",
  "product_description": "Artikelnr.: 5109920",
  "producthierarchy_level1": "Sortiment",
  "producthierarchy_level2": "Sortiment",
  "producthierarchy_level3": "Mega-Hamburger",
  "producthierarchy_level4": "",
  "producthierarchy_level5": "",
  "producthierarchy_level6": "",
  "producthierarchy_level7": "",
  "currency": "Swiss franc",
  "file_name_1": "5109920_1.jpg",
  "image_url_1": "https://sortiment.lidl.ch/media/catalog/product/cache/38c728e59b3a47950872534eff8a1e63/5/1/5109920_FKBF.jpg",
  "file_name_2": "5109920_2.jpg",
  "image_url_2": "https://sortiment.lidl.ch/media/catalog/product/cache/38c728e59b3a47950872534eff8a1e63/5/1/5109920_PSXX.jpg"
},
{
  "_id": {
    "$oid": "66f3a5c1d23ade1eec55fc4b"
  },
  "unique_id": "7708699",
  "product_name": "Protein Bar vegan 26% Protein",
  "brand": "",
  "regular_price": 1.49,
  "selling_price": 1.49,
  "price_per_unit": "pro 40g | 100g = 3.73 CHF",
  "breadcrumb": "Sortiment > Sortiment > Protein Bar vegan 26% Protein",
  "pdp_url": "https://sortiment.lidl.ch/de/protein-bar-vegan-26-protein-7708699",
  "product_description": "Artikelnr.: 7708699",
  "producthierarchy_level1": "Sortiment",
  "producthierarchy_level2": "Sortiment",
  "producthierarchy_level3": "Protein Bar vegan 26% Protein",
  "producthierarchy_level4": "",
  "producthierarchy_level5": "",
  "producthierarchy_level6": "",
  "producthierarchy_level7": "",
  "currency": "Swiss franc",
  "file_name_1": "7708699_1.jpg",
  "image_url_1": "https://sortiment.lidl.ch/media/amasty/amoptmobile/catalog/product/cache/38c728e59b3a47950872534eff8a1e63/7/7/7708699_Almond_Cookie_Dough_PSXX.jpg",
  "file_name_2": "7708699_2.jpg",
  "image_url_2": "https://sortiment.lidl.ch/media/catalog/product/cache/38c728e59b3a47950872534eff8a1e63/7/7/7708699_Cookies_Cream_PSXX.jpg",
  "file_name_3": "7708699_3.jpg",
  "image_url_3": "https://sortiment.lidl.ch/media/catalog/product/cache/38c728e59b3a47950872534eff8a1e63/7/7/7708699_Lemon_Cake_PSXX.jpg"
},
{
  "_id": {
    "$oid": "66f3a5c3d23ade1eec55fc4c"
  },
  "unique_id": "5714071",
  "product_name": "Grüne Oliven gefüllt",
  "brand": "Baresa",
  "regular_price": 1.39,
  "selling_price": 1.39,
  "price_per_unit": "pro 200g (Abtropfgewicht) | 100g = 0.70 CHF",
  "breadcrumb": "Sortiment > Sortiment > Grüne Oliven gefüllt",
  "pdp_url": "https://sortiment.lidl.ch/de/gruene-oliven-gefuellt-5714071",
  "product_description": "Artikelnr.: 5714071",
  "producthierarchy_level1": "Sortiment",
  "producthierarchy_level2": "Sortiment",
  "producthierarchy_level3": "Grüne Oliven gefüllt",
  "producthierarchy_level4": "",
  "producthierarchy_level5": "",
  "producthierarchy_level6": "",
  "producthierarchy_level7": "",
  "currency": "Swiss franc",
  "file_name_1": "5714071_1.jpg",
  "image_url_1": "https://sortiment.lidl.ch/media/catalog/product/cache/38c728e59b3a47950872534eff8a1e63/5/7/5714071_PSXX.jpg"
},
{
  "_id": {
    "$oid": "66f3a5c4d23ade1eec55fc4d"
  },
  "unique_id": "6000313",
  "product_name": "Maccheroni al ferretto",
  "brand": "Italiamo",
  "regular_price": 1.79,
  "selling_price": 1.79,
  "price_per_unit": "pro 500g | 100g = 0.36 CHF",
  "breadcrumb": "Sortiment > Sortiment > Maccheroni al ferretto",
  "pdp_url": "https://sortiment.lidl.ch/de/maccheroni-al-ferretto-6000313",
  "product_description": "Artikelnr.: 6000313",
  "producthierarchy_level1": "Sortiment",
  "producthierarchy_level2": "Sortiment",
  "producthierarchy_level3": "Maccheroni al ferretto",
  "producthierarchy_level4": "",
  "producthierarchy_level5": "",
  "producthierarchy_level6": "",
  "producthierarchy_level7": "",
  "currency": "Swiss franc",
  "file_name_1": "6000313_1.jpg",
  "image_url_1": "https://sortiment.lidl.ch/media/catalog/product/cache/38c728e59b3a47950872534eff8a1e63/6/0/6000313_PSXX.jpg"
},
{
  "_id": {
    "$oid": "66f3a5c6d23ade1eec55fc4e"
  },
  "unique_id": "165948",
  "product_name": "Bio Feta AOP",
  "brand": "Milbona",
  "regular_price": 2.89,
  "selling_price": 2.89,
  "price_per_unit": "pro 200g | 100g = 1.45 CHF",
  "breadcrumb": "Sortiment > Sortiment > Bio Feta AOP",
  "pdp_url": "https://sortiment.lidl.ch/de/bio-feta-aop-0165948",
  "product_description": "Artikelnr.: 165948",
  "producthierarchy_level1": "Sortiment",
  "producthierarchy_level2": "Sortiment",
  "producthierarchy_level3": "Bio Feta AOP",
  "producthierarchy_level4": "",
  "producthierarchy_level5": "",
  "producthierarchy_level6": "",
  "producthierarchy_level7": "",
  "currency": "Swiss franc",
  "file_name_1": "165948_1.jpg",
  "image_url_1": "https://sortiment.lidl.ch/media/catalog/product/cache/38c728e59b3a47950872534eff8a1e63/1/6/165948_Bio_PSXX.jpg",
  "file_name_2": "165948_2.jpg",
  "image_url_2": "https://sortiment.lidl.ch/media/catalog/product/cache/38c728e59b3a47950872534eff8a1e63/1/6/165948_FKBF.jpg"
},
{
  "_id": {
    "$oid": "66f3a5c7d23ade1eec55fc4f"
  },
  "unique_id": "6003620",
  "product_name": "Bio Parmigiano Reggiano DOP",
  "brand": "Milbona",
  "regular_price": 5.35,
  "selling_price": 5.35,
  "price_per_unit": "pro 200g | 100g = 2.68 CHF",
  "breadcrumb": "Sortiment > Sortiment > Bio Parmigiano Reggiano DOP",
  "pdp_url": "https://sortiment.lidl.ch/de/bio-parmigiano-reggiano-dop-6003620",
  "product_description": "Artikelnr.: 6003620",
  "producthierarchy_level1": "Sortiment",
  "producthierarchy_level2": "Sortiment",
  "producthierarchy_level3": "Bio Parmigiano Reggiano DOP",
  "producthierarchy_level4": "",
  "producthierarchy_level5": "",
  "producthierarchy_level6": "",
  "producthierarchy_level7": "",
  "currency": "Swiss franc",
  "file_name_1": "6003620_1.jpg",
  "image_url_1": "https://sortiment.lidl.ch/media/catalog/product/cache/38c728e59b3a47950872534eff8a1e63/6/0/6003620_PSXX.jpg"
},
{
  "_id": {
    "$oid": "66f3a5c8d23ade1eec55fc50"
  },
  "unique_id": "6208495",
  "product_name": "Grüne Oliven gefüllt",
  "brand": "Freshona",
  "regular_price": 2.99,
  "selling_price": 2.99,
  "price_per_unit": "pro 200g (Abtropfgewicht) | 100g = 1.50 CHF",
  "breadcrumb": "Sortiment > Sortiment > Grüne Oliven gefüllt",
  "pdp_url": "https://sortiment.lidl.ch/de/gruene-oliven-gefuellt-6208495",
  "product_description": "Artikelnr.: 6208495",
  "producthierarchy_level1": "Sortiment",
  "producthierarchy_level2": "Sortiment",
  "producthierarchy_level3": "Grüne Oliven gefüllt",
  "producthierarchy_level4": "",
  "producthierarchy_level5": "",
  "producthierarchy_level6": "",
  "producthierarchy_level7": "",
  "currency": "Swiss franc",
  "file_name_1": "6208495_1.jpg",
  "image_url_1": "https://sortiment.lidl.ch/media/catalog/product/cache/38c728e59b3a47950872534eff8a1e63/6/2/6208495_Knoblauch_PSXX.jpg",
  "file_name_2": "6208495_2.jpg",
  "image_url_2": "https://sortiment.lidl.ch/media/catalog/product/cache/38c728e59b3a47950872534eff8a1e63/6/2/6208495_Mandeln_PSXX.jpg",
  "file_name_3": "6208495_3.jpg",
  "image_url_3": "https://sortiment.lidl.ch/media/catalog/product/cache/38c728e59b3a47950872534eff8a1e63/6/2/6208495_Peperoni_PSXX.jpg"
},
{
  "_id": {
    "$oid": "66f3a5cad23ade1eec55fc51"
  },
  "unique_id": "5109609",
  "product_name": "Asiamix / Thaimix",
  "brand": "Freshona",
  "regular_price": 4.69,
  "selling_price": 4.69,
  "price_per_unit": "pro 600g | 100g = 0.79 CHF",
  "breadcrumb": "Sortiment > Sortiment > Asiamix / Thaimix",
  "pdp_url": "https://sortiment.lidl.ch/de/asiamix-thaimix-5109609",
  "product_description": "Artikelnr.: 5109609",
  "producthierarchy_level1": "Sortiment",
  "producthierarchy_level2": "Sortiment",
  "producthierarchy_level3": "Asiamix / Thaimix",
  "producthierarchy_level4": "",
  "producthierarchy_level5": "",
  "producthierarchy_level6": "",
  "producthierarchy_level7": "",
  "currency": "Swiss franc",
  "file_name_1": "5109609_1.jpg",
  "image_url_1": "https://sortiment.lidl.ch/media/catalog/product/cache/38c728e59b3a47950872534eff8a1e63/5/1/5109609_AsiaPfannengemuese_PSXX.jpg",
  "file_name_2": "5109609_2.jpg",
  "image_url_2": "https://sortiment.lidl.ch/media/catalog/product/cache/38c728e59b3a47950872534eff8a1e63/5/1/5109609_ThaiPfannengemuese_PSXX.jpg"
},
{
  "_id": {
    "$oid": "66f3a5cbd23ade1eec55fc52"
  },
  "unique_id": "5106470",
  "product_name": "Magerquark",
  "brand": "Milbona",
  "regular_price": 1.25,
  "selling_price": 1.25,
  "price_per_unit": "pro 500g | 100g = 0.25 CHF",
  "breadcrumb": "Sortiment > Sortiment > Magerquark",
  "pdp_url": "https://sortiment.lidl.ch/de/magerquark-5106470",
  "product_description": "Artikelnr.: 5106470",
  "producthierarchy_level1": "Sortiment",
  "producthierarchy_level2": "Sortiment",
  "producthierarchy_level3": "Magerquark",
  "producthierarchy_level4": "",
  "producthierarchy_level5": "",
  "producthierarchy_level6": "",
  "producthierarchy_level7": "",
  "currency": "Swiss franc",
  "file_name_1": "5106470_1.jpg",
  "image_url_1": "https://sortiment.lidl.ch/media/catalog/product/cache/38c728e59b3a47950872534eff8a1e63/5/1/5106470_PSXX.jpg"
},
{
  "_id": {
    "$oid": "66f3a5ccd23ade1eec55fc53"
  },
  "unique_id": "11205",
  "product_name": "Italienisches Olivenöl",
  "brand": "Primadonna",
  "regular_price": 6.99,
  "selling_price": 6.99,
  "price_per_unit": "pro 500ml | 1L = 13.98 CHF",
  "breadcrumb": "Sortiment > Sortiment > Italienisches Olivenöl",
  "pdp_url": "https://sortiment.lidl.ch/de/italienisches-olivenoel-0011205",
  "product_description": "Artikelnr.: 11205",
  "producthierarchy_level1": "Sortiment",
  "producthierarchy_level2": "Sortiment",
  "producthierarchy_level3": "Italienisches Olivenöl",
  "producthierarchy_level4": "",
  "producthierarchy_level5": "",
  "producthierarchy_level6": "",
  "producthierarchy_level7": "",
  "currency": "Swiss franc",
  "file_name_1": "11205_1.jpg",
  "image_url_1": "https://sortiment.lidl.ch/media/catalog/product/cache/38c728e59b3a47950872534eff8a1e63/1/1/11205_PSXX.jpg"
},
{
  "_id": {
    "$oid": "66f3a5cdd23ade1eec55fc54"
  },
  "unique_id": "148423",
  "product_name": "ASC Norwegischer Räucherlachs",
  "brand": "nautica",
  "regular_price": 2.99,
  "selling_price": 2.99,
  "price_per_unit": "pro 100g",
  "breadcrumb": "Sortiment > Sortiment > ASC Norwegischer Räucherlachs",
  "pdp_url": "https://sortiment.lidl.ch/de/asc-norwegischer-raeucherlachs-0148423",
  "product_description": "Artikelnr.: 148423",
  "producthierarchy_level1": "Sortiment",
  "producthierarchy_level2": "Sortiment",
  "producthierarchy_level3": "ASC Norwegischer Räucherlachs",
  "producthierarchy_level4": "",
  "producthierarchy_level5": "",
  "producthierarchy_level6": "",
  "producthierarchy_level7": "",
  "currency": "Swiss franc",
  "file_name_1": "148423_1.jpg",
  "image_url_1": "https://sortiment.lidl.ch/media/catalog/product/cache/38c728e59b3a47950872534eff8a1e63/1/4/148423_PSXX.jpg"
},
{
  "_id": {
    "$oid": "66f3a5cfd23ade1eec55fc55"
  },
  "unique_id": "7710846",
  "product_name": "Bio Eier",
  "brand": "",
  "regular_price": 4.99,
  "selling_price": 4.99,
  "price_per_unit": "pro 10 Stück | 1 Stk = 0.50 CHF",
  "breadcrumb": "Sortiment > Sortiment > Bio Eier",
  "pdp_url": "https://sortiment.lidl.ch/de/bio-eier-7710846",
  "product_description": "Artikelnr.: 7710846",
  "producthierarchy_level1": "Sortiment",
  "producthierarchy_level2": "Sortiment",
  "producthierarchy_level3": "Bio Eier",
  "producthierarchy_level4": "",
  "producthierarchy_level5": "",
  "producthierarchy_level6": "",
  "producthierarchy_level7": "",
  "currency": "Swiss franc",
  "file_name_1": "7710846_1.jpg",
  "image_url_1": "https://sortiment.lidl.ch/media/catalog/product/cache/38c728e59b3a47950872534eff8a1e63/7/7/7710846_PSXX.jpg"
},
{
  "_id": {
    "$oid": "66f3a5d0d23ade1eec55fc56"
  },
  "unique_id": "5110137",
  "product_name": "Cinderella Salat",
  "brand": "Chef Select",
  "regular_price": 1.99,
  "selling_price": 1.99,
  "price_per_unit": "pro 250g | 100g = 0.80 CHF",
  "breadcrumb": "Sortiment > Sortiment > Cinderella Salat",
  "pdp_url": "https://sortiment.lidl.ch/de/cinderella-salat-5110137",
  "product_description": "Artikelnr.: 5110137",
  "producthierarchy_level1": "Sortiment",
  "producthierarchy_level2": "Sortiment",
  "producthierarchy_level3": "Cinderella Salat",
  "producthierarchy_level4": "",
  "producthierarchy_level5": "",
  "producthierarchy_level6": "",
  "producthierarchy_level7": "",
  "currency": "Swiss franc",
  "file_name_1": "5110137_1.jpg",
  "image_url_1": "https://sortiment.lidl.ch/media/catalog/product/cache/38c728e59b3a47950872534eff8a1e63/5/1/5110137_PSXX.jpg"
},
{
  "_id": {
    "$oid": "66f3a5d2d23ade1eec55fc57"
  },
  "unique_id": "119340",
  "product_name": "Bio Apfelmus",
  "brand": "Freshona",
  "regular_price": 1.15,
  "selling_price": 1.15,
  "price_per_unit": "pro 370ml | 100g = 0.33 CHF",
  "breadcrumb": "Sortiment > Sortiment > Bio Apfelmus",
  "pdp_url": "https://sortiment.lidl.ch/de/bio-apfelmus-0119340",
  "product_description": "Artikelnr.: 119340",
  "producthierarchy_level1": "Sortiment",
  "producthierarchy_level2": "Sortiment",
  "producthierarchy_level3": "Bio Apfelmus",
  "producthierarchy_level4": "",
  "producthierarchy_level5": "",
  "producthierarchy_level6": "",
  "producthierarchy_level7": "",
  "currency": "Swiss franc",
  "file_name_1": "119340_1.jpg",
  "image_url_1": "https://sortiment.lidl.ch/media/catalog/product/cache/38c728e59b3a47950872534eff8a1e63/1/1/119340_PSXX.jpg"
},
{
  "_id": {
    "$oid": "66f3a5d3d23ade1eec55fc58"
  },
  "unique_id": "84449",
  "product_name": "Bio Snack Rüebli 200g",
  "brand": "BIO Organic",
  "regular_price": 1.59,
  "selling_price": 1.59,
  "price_per_unit": "pro 200g | 100g = 0.80 CHF",
  "breadcrumb": "Sortiment > Sortiment > Bio Snack Rüebli 200g",
  "pdp_url": "https://sortiment.lidl.ch/de/bio-snack-rueebli-200g-0084449",
  "product_description": "Artikelnr.: 84449",
  "producthierarchy_level1": "Sortiment",
  "producthierarchy_level2": "Sortiment",
  "producthierarchy_level3": "Bio Snack Rüebli 200g",
  "producthierarchy_level4": "",
  "producthierarchy_level5": "",
  "producthierarchy_level6": "",
  "producthierarchy_level7": "",
  "currency": "Swiss franc",
  "file_name_1": "84449_1.jpg",
  "image_url_1": "https://sortiment.lidl.ch/media/catalog/product/cache/38c728e59b3a47950872534eff8a1e63/8/4/84449_OGFG.jpg",
  "file_name_2": "84449_2.jpg",
  "image_url_2": "https://sortiment.lidl.ch/media/catalog/product/cache/38c728e59b3a47950872534eff8a1e63/8/4/84449_PSXX.jpg"
},
{
  "_id": {
    "$oid": "66f3a5d4d23ade1eec55fc59"
  },
  "unique_id": "162825",
  "product_name": "All in 1 Reiniger-Tabs",
  "brand": "W5",
  "regular_price": 4.95,
  "selling_price": 4.95,
  "price_per_unit": "pro 50 Stück | 1 Stk = 0.10 CHF",
  "breadcrumb": "Sortiment > Sortiment > All in 1 Reiniger-Tabs",
  "pdp_url": "https://sortiment.lidl.ch/de/all-in-1-reiniger-tabs-0162825",
  "product_description": "Artikelnr.: 162825",
  "producthierarchy_level1": "Sortiment",
  "producthierarchy_level2": "Sortiment",
  "producthierarchy_level3": "All in 1 Reiniger-Tabs",
  "producthierarchy_level4": "",
  "producthierarchy_level5": "",
  "producthierarchy_level6": "",
  "producthierarchy_level7": "",
  "currency": "Swiss franc",
  "file_name_1": "162825_1.jpg",
  "image_url_1": "https://sortiment.lidl.ch/media/catalog/product/cache/38c728e59b3a47950872534eff8a1e63/1/6/162825_PSXX.jpg"
},
{
  "_id": {
    "$oid": "66f3a5d5d23ade1eec55fc5a"
  },
  "unique_id": "166972",
  "product_name": "Macadamia",
  "brand": "Alesto",
  "regular_price": 2.99,
  "selling_price": 2.99,
  "price_per_unit": "pro 125g | 100g = 2.40 CHF",
  "breadcrumb": "Sortiment > Sortiment > Macadamia",
  "pdp_url": "https://sortiment.lidl.ch/de/macadamia-0166972",
  "product_description": "Artikelnr.: 166972",
  "producthierarchy_level1": "Sortiment",
  "producthierarchy_level2": "Sortiment",
  "producthierarchy_level3": "Macadamia",
  "producthierarchy_level4": "",
  "producthierarchy_level5": "",
  "producthierarchy_level6": "",
  "producthierarchy_level7": "",
  "currency": "Swiss franc",
  "file_name_1": "166972_1.jpg",
  "image_url_1": "https://sortiment.lidl.ch/media/catalog/product/cache/38c728e59b3a47950872534eff8a1e63/1/6/166972_PSXX.jpg"
},
{
  "_id": {
    "$oid": "66f3a5d6d23ade1eec55fc5b"
  },
  "unique_id": "5109936",
  "product_name": "Cevapcici vom Rind",
  "brand": "Bonvalle",
  "regular_price": 4.99,
  "selling_price": 4.99,
  "price_per_unit": "pro 350g | 100g = 1.43 CHF",
  "breadcrumb": "Sortiment > Sortiment > Cevapcici vom Rind",
  "pdp_url": "https://sortiment.lidl.ch/de/cevapcici-vom-rind-5109936",
  "product_description": "Artikelnr.: 5109936",
  "producthierarchy_level1": "Sortiment",
  "producthierarchy_level2": "Sortiment",
  "producthierarchy_level3": "Cevapcici vom Rind",
  "producthierarchy_level4": "",
  "producthierarchy_level5": "",
  "producthierarchy_level6": "",
  "producthierarchy_level7": "",
  "currency": "Swiss franc",
  "file_name_1": "5109936_1.jpg",
  "image_url_1": "https://sortiment.lidl.ch/media/catalog/product/cache/38c728e59b3a47950872534eff8a1e63/5/1/5109936_FKBF.jpg",
  "file_name_2": "5109936_2.jpg",
  "image_url_2": "https://sortiment.lidl.ch/media/catalog/product/cache/38c728e59b3a47950872534eff8a1e63/5/1/5109936_PSXX.jpg"
},
{
  "_id": {
    "$oid": "66f3a5d7d23ade1eec55fc5c"
  },
  "unique_id": "138846",
  "product_name": "Pasta trafilata al bronzo",
  "brand": "Combino",
  "regular_price": 1.19,
  "selling_price": 1.19,
  "price_per_unit": "pro 500g | 100g = 0.24 CHF",
  "breadcrumb": "Sortiment > Sortiment > Pasta trafilata al bronzo",
  "pdp_url": "https://sortiment.lidl.ch/de/pasta-trafilata-al-bronzo-0138846",
  "product_description": "Artikelnr.: 138846",
  "producthierarchy_level1": "Sortiment",
  "producthierarchy_level2": "Sortiment",
  "producthierarchy_level3": "Pasta trafilata al bronzo",
  "producthierarchy_level4": "",
  "producthierarchy_level5": "",
  "producthierarchy_level6": "",
  "producthierarchy_level7": "",
  "currency": "Swiss franc",
  "file_name_1": "138846_1.jpg",
  "image_url_1": "https://sortiment.lidl.ch/media/catalog/product/cache/38c728e59b3a47950872534eff8a1e63/1/3/138846_Linguine_PSXX.jpg",
  "file_name_2": "138846_2.jpg",
  "image_url_2": "https://sortiment.lidl.ch/media/catalog/product/cache/38c728e59b3a47950872534eff8a1e63/1/3/138846_Spaghetti_PSXX.jpg"
},
{
  "_id": {
    "$oid": "66f3a5d8d23ade1eec55fc5d"
  },
  "unique_id": "166796",
  "product_name": "Crunchy Müesli",
  "brand": "Crownfield",
  "regular_price": 3.59,
  "selling_price": 3.59,
  "price_per_unit": "pro 500g | 100g = 0.72 CHF",
  "breadcrumb": "Sortiment > Sortiment > Crunchy Müesli",
  "pdp_url": "https://sortiment.lidl.ch/de/crunchy-mueesli-0166796",
  "product_description": "Artikelnr.: 166796",
  "producthierarchy_level1": "Sortiment",
  "producthierarchy_level2": "Sortiment",
  "producthierarchy_level3": "Crunchy Müesli",
  "producthierarchy_level4": "",
  "producthierarchy_level5": "",
  "producthierarchy_level6": "",
  "producthierarchy_level7": "",
  "currency": "Swiss franc",
  "file_name_1": "166796_1.jpg",
  "image_url_1": "https://sortiment.lidl.ch/media/catalog/product/cache/38c728e59b3a47950872534eff8a1e63/1/6/166796_Apfel_Zimtgeschmack_PSXX.jpg",
  "file_name_2": "166796_2.jpg",
  "image_url_2": "https://sortiment.lidl.ch/media/catalog/product/cache/38c728e59b3a47950872534eff8a1e63/1/6/166796_Waldfruechte_PSXX.jpg"
},
{
  "_id": {
    "$oid": "66f3a5dad23ade1eec55fc5e"
  },
  "unique_id": "170580",
  "product_name": "MSC Cocktailcrevetten",
  "brand": "Ocean Sea",
  "regular_price": 3.79,
  "selling_price": 3.79,
  "price_per_unit": "pro 300g | 100g = 1.41 CHF",
  "breadcrumb": "Sortiment > Sortiment > MSC Cocktailcrevetten",
  "pdp_url": "https://sortiment.lidl.ch/de/msc-cocktailcrevetten-0170580",
  "product_description": "Artikelnr.: 170580",
  "producthierarchy_level1": "Sortiment",
  "producthierarchy_level2": "Sortiment",
  "producthierarchy_level3": "MSC Cocktailcrevetten",
  "producthierarchy_level4": "",
  "producthierarchy_level5": "",
  "producthierarchy_level6": "",
  "producthierarchy_level7": "",
  "currency": "Swiss franc",
  "file_name_1": "170580_1.jpg",
  "image_url_1": "https://sortiment.lidl.ch/media/catalog/product/cache/38c728e59b3a47950872534eff8a1e63/1/7/170580_PSXX.jpg"
},
{
  "_id": {
    "$oid": "66f3a5dcd23ade1eec55fc5f"
  },
  "unique_id": "171237",
  "product_name": "Nature's Best Körperbutter",
  "brand": "Cien",
  "regular_price": 4.99,
  "selling_price": 4.99,
  "price_per_unit": "pro 200ml | 100ML = 2.50 CHF",
  "breadcrumb": "Sortiment > Sortiment > Nature's Best Körperbutter",
  "pdp_url": "https://sortiment.lidl.ch/de/nature-s-best-koerperbutter-0171237",
  "product_description": "Artikelnr.: 171237",
  "producthierarchy_level1": "Sortiment",
  "producthierarchy_level2": "Sortiment",
  "producthierarchy_level3": "Nature's Best Körperbutter",
  "producthierarchy_level4": "",
  "producthierarchy_level5": "",
  "producthierarchy_level6": "",
  "producthierarchy_level7": "",
  "currency": "Swiss franc",
  "file_name_1": "171237_1.jpg",
  "image_url_1": "https://sortiment.lidl.ch/media/catalog/product/cache/38c728e59b3a47950872534eff8a1e63/1/7/171237_Avocado_PSXX.jpg",
  "file_name_2": "171237_2.jpg",
  "image_url_2": "https://sortiment.lidl.ch/media/catalog/product/cache/38c728e59b3a47950872534eff8a1e63/1/7/171237_Kokos_PSXX.jpg"
},
{
  "_id": {
    "$oid": "66f3a5ddd23ade1eec55fc60"
  },
  "unique_id": "171205",
  "product_name": "Nature's Best Spülung",
  "brand": "Cien",
  "regular_price": 4.99,
  "selling_price": 4.99,
  "price_per_unit": "pro 400ml | 100ML = 1.25 CHF",
  "breadcrumb": "Sortiment > Sortiment > Nature's Best Spülung",
  "pdp_url": "https://sortiment.lidl.ch/de/nature-s-best-spuelung-0171205",
  "product_description": "Artikelnr.: 171205",
  "producthierarchy_level1": "Sortiment",
  "producthierarchy_level2": "Sortiment",
  "producthierarchy_level3": "Nature's Best Spülung",
  "producthierarchy_level4": "",
  "producthierarchy_level5": "",
  "producthierarchy_level6": "",
  "producthierarchy_level7": "",
  "currency": "Swiss franc",
  "file_name_1": "171205_1.jpg",
  "image_url_1": "https://sortiment.lidl.ch/media/catalog/product/cache/38c728e59b3a47950872534eff8a1e63/1/7/171205_Avocado_PSXX.jpg",
  "file_name_2": "171205_2.jpg",
  "image_url_2": "https://sortiment.lidl.ch/media/catalog/product/cache/38c728e59b3a47950872534eff8a1e63/1/7/171205_Macadamia_PSXX.jpg"
},
{
  "_id": {
    "$oid": "66f3a5dfd23ade1eec55fc61"
  },
  "unique_id": "5109610",
  "product_name": "Marroni geschält",
  "brand": "Freshona",
  "regular_price": 5.99,
  "selling_price": 5.99,
  "price_per_unit": "pro 450g | 100g = 1.34 CHF",
  "breadcrumb": "Sortiment > Sortiment > Marroni geschält",
  "pdp_url": "https://sortiment.lidl.ch/de/marroni-geschaelt-5109610",
  "product_description": "Artikelnr.: 5109610",
  "producthierarchy_level1": "Sortiment",
  "producthierarchy_level2": "Sortiment",
  "producthierarchy_level3": "Marroni geschält",
  "producthierarchy_level4": "",
  "producthierarchy_level5": "",
  "producthierarchy_level6": "",
  "producthierarchy_level7": "",
  "currency": "Swiss franc",
  "file_name_1": "5109610_1.jpg",
  "image_url_1": "https://sortiment.lidl.ch/media/catalog/product/cache/38c728e59b3a47950872534eff8a1e63/5/1/5109610_PSXX.jpg"
},
{
  "_id": {
    "$oid": "66f3a5e0d23ade1eec55fc62"
  },
  "unique_id": "5109900",
  "product_name": "Rio Mare MSC Thunfisch in Öl / Natur",
  "brand": "Rio Mare",
  "regular_price": 7.99,
  "selling_price": 7.99,
  "price_per_unit": "pro 320g (Abtropfgewicht) | 100g = 2.50 CHF",
  "breadcrumb": "Sortiment > Sortiment > Rio Mare MSC Thunfisch in Öl / Natur",
  "pdp_url": "https://sortiment.lidl.ch/de/rio-mare-msc-thunfisch-in-oel-natur-5109900",
  "product_description": "Artikelnr.: 5109900",
  "producthierarchy_level1": "Sortiment",
  "producthierarchy_level2": "Sortiment",
  "producthierarchy_level3": "Rio Mare MSC Thunfisch in Öl / Natur",
  "producthierarchy_level4": "",
  "producthierarchy_level5": "",
  "producthierarchy_level6": "",
  "producthierarchy_level7": "",
  "currency": "Swiss franc",
  "file_name_1": "5109900_1.jpg",
  "image_url_1": "https://sortiment.lidl.ch/media/catalog/product/cache/38c728e59b3a47950872534eff8a1e63/5/1/5109900_Nature_PSXX.jpg",
  "file_name_2": "5109900_2.jpg",
  "image_url_2": "https://sortiment.lidl.ch/media/catalog/product/cache/38c728e59b3a47950872534eff8a1e63/5/1/5109900_Olio_PSXX.jpg"
},
{
  "_id": {
    "$oid": "66f3a5e1d23ade1eec55fc63"
  },
  "unique_id": "22485",
  "product_name": "Salatcroûtons",
  "brand": "Kania",
  "regular_price": 1.65,
  "selling_price": 1.65,
  "price_per_unit": "pro 100g",
  "breadcrumb": "Sortiment > Sortiment > Salatcroûtons",
  "pdp_url": "https://sortiment.lidl.ch/de/salatcroutons-0022485",
  "product_description": "Artikelnr.: 22485",
  "producthierarchy_level1": "Sortiment",
  "producthierarchy_level2": "Sortiment",
  "producthierarchy_level3": "Salatcroûtons",
  "producthierarchy_level4": "",
  "producthierarchy_level5": "",
  "producthierarchy_level6": "",
  "producthierarchy_level7": "",
  "currency": "Swiss franc",
  "file_name_1": "22485_1.jpg",
  "image_url_1": "https://sortiment.lidl.ch/media/catalog/product/cache/38c728e59b3a47950872534eff8a1e63/2/2/22485_Kraeuter_PSXX.jpg",
  "file_name_2": "22485_2.jpg",
  "image_url_2": "https://sortiment.lidl.ch/media/catalog/product/cache/38c728e59b3a47950872534eff8a1e63/2/2/22485_Zwiebel_Knoblauch_PSXX.jpg",
  "file_name_3": "22485_3.jpg",
  "image_url_3": "https://sortiment.lidl.ch/media/catalog/product/cache/38c728e59b3a47950872534eff8a1e63/2/2/22485_ungewuerzt_PSXX.jpg"
},
{
  "_id": {
    "$oid": "66f3a5e2d23ade1eec55fc64"
  },
  "unique_id": "6001418",
  "product_name": "Prosciutto di San Daniele",
  "brand": "Dulano Selection",
  "regular_price": 4.29,
  "selling_price": 4.29,
  "price_per_unit": "pro 90g | 100g = 4.77 CHF",
  "breadcrumb": "Sortiment > Sortiment > Prosciutto di San Daniele",
  "pdp_url": "https://sortiment.lidl.ch/de/prosciutto-di-san-daniele-6001418",
  "product_description": "Artikelnr.: 6001418",
  "producthierarchy_level1": "Sortiment",
  "producthierarchy_level2": "Sortiment",
  "producthierarchy_level3": "Prosciutto di San Daniele",
  "producthierarchy_level4": "",
  "producthierarchy_level5": "",
  "producthierarchy_level6": "",
  "producthierarchy_level7": "",
  "currency": "Swiss franc",
  "file_name_1": "6001418_1.jpg",
  "image_url_1": "https://sortiment.lidl.ch/media/catalog/product/cache/38c728e59b3a47950872534eff8a1e63/6/0/6001418_FKBF.jpg",
  "file_name_2": "6001418_2.jpg",
  "image_url_2": "https://sortiment.lidl.ch/media/catalog/product/cache/38c728e59b3a47950872534eff8a1e63/6/0/6001418_PSXX.jpg"
},
{
  "_id": {
    "$oid": "66f3a5e3d23ade1eec55fc65"
  },
  "unique_id": "99168",
  "product_name": "Aceto Balsamico di Modena IGP",
  "brand": "Deluxe",
  "regular_price": 4.49,
  "selling_price": 4.49,
  "price_per_unit": "pro 250ml | 1L = 17.96 CHF",
  "breadcrumb": "Sortiment > Sortiment > Aceto Balsamico di Modena IGP",
  "pdp_url": "https://sortiment.lidl.ch/de/aceto-balsamico-di-modena-igp-0099168",
  "product_description": "Artikelnr.: 99168",
  "producthierarchy_level1": "Sortiment",
  "producthierarchy_level2": "Sortiment",
  "producthierarchy_level3": "Aceto Balsamico di Modena IGP",
  "producthierarchy_level4": "",
  "producthierarchy_level5": "",
  "producthierarchy_level6": "",
  "producthierarchy_level7": "",
  "currency": "Swiss franc",
  "file_name_1": "99168_1.jpg",
  "image_url_1": "https://sortiment.lidl.ch/media/catalog/product/cache/38c728e59b3a47950872534eff8a1e63/9/9/99168_PSXX.jpg"
},
{
  "_id": {
    "$oid": "66f3a5e4d23ade1eec55fc66"
  },
  "unique_id": "167064",
  "product_name": "Familienpizza",
  "brand": "Chef Select",
  "regular_price": 5.89,
  "selling_price": 5.89,
  "price_per_unit": "pro 1000g, 1100g | 100g = 0.59, 0.54 CHF",
  "breadcrumb": "Sortiment > Sortiment > Familienpizza",
  "pdp_url": "https://sortiment.lidl.ch/de/familienpizza-0167064",
  "product_description": "Artikelnr.: 167064",
  "producthierarchy_level1": "Sortiment",
  "producthierarchy_level2": "Sortiment",
  "producthierarchy_level3": "Familienpizza",
  "producthierarchy_level4": "",
  "producthierarchy_level5": "",
  "producthierarchy_level6": "",
  "producthierarchy_level7": "",
  "currency": "Swiss franc",
  "file_name_1": "167064_1.jpg",
  "image_url_1": "https://sortiment.lidl.ch/media/catalog/product/cache/38c728e59b3a47950872534eff8a1e63/1/6/167064_Margherita_PSXX.jpg",
  "file_name_2": "167064_2.jpg",
  "image_url_2": "https://sortiment.lidl.ch/media/catalog/product/cache/38c728e59b3a47950872534eff8a1e63/1/6/167064_Schinken_Champignons_PSXX.jpg"
},
{
  "_id": {
    "$oid": "66f3a5e5d23ade1eec55fc67"
  },
  "unique_id": "6000752",
  "product_name": "Prosciutto di Parma",
  "brand": "Dulano Selection",
  "regular_price": 4.79,
  "selling_price": 4.79,
  "price_per_unit": "pro 90g | 100g = 5.33 CHF",
  "breadcrumb": "Sortiment > Sortiment > Prosciutto di Parma",
  "pdp_url": "https://sortiment.lidl.ch/de/prosciutto-di-parma-6000752",
  "product_description": "Artikelnr.: 6000752",
  "producthierarchy_level1": "Sortiment",
  "producthierarchy_level2": "Sortiment",
  "producthierarchy_level3": "Prosciutto di Parma",
  "producthierarchy_level4": "",
  "producthierarchy_level5": "",
  "producthierarchy_level6": "",
  "producthierarchy_level7": "",
  "currency": "Swiss franc",
  "file_name_1": "6000752_1.jpg",
  "image_url_1": "https://sortiment.lidl.ch/media/catalog/product/cache/38c728e59b3a47950872534eff8a1e63/6/0/6000752_FKBF.jpg",
  "file_name_2": "6000752_2.jpg",
  "image_url_2": "https://sortiment.lidl.ch/media/catalog/product/cache/38c728e59b3a47950872534eff8a1e63/6/0/6000752_PSXX.jpg"
},
{
  "_id": {
    "$oid": "66f3a5e6d23ade1eec55fc68"
  },
  "unique_id": "149433",
  "product_name": "Steam Brew Craft Bier",
  "brand": "",
  "regular_price": 1.19,
  "selling_price": 1.19,
  "price_per_unit": "pro 0,5l | 1L = 2.38 CHF",
  "breadcrumb": "Sortiment > Sortiment > Steam Brew Craft Bier",
  "pdp_url": "https://sortiment.lidl.ch/de/steam-brew-craft-bier-0149433",
  "product_description": "Artikelnr.: 149433",
  "producthierarchy_level1": "Sortiment",
  "producthierarchy_level2": "Sortiment",
  "producthierarchy_level3": "Steam Brew Craft Bier",
  "producthierarchy_level4": "",
  "producthierarchy_level5": "",
  "producthierarchy_level6": "",
  "producthierarchy_level7": "",
  "currency": "Swiss franc",
  "file_name_1": "149433_1.jpg",
  "image_url_1": "https://sortiment.lidl.ch/media/catalog/product/cache/38c728e59b3a47950872534eff8a1e63/1/4/149433_GermanRed_PSXX.jpg",
  "file_name_2": "149433_2.jpg",
  "image_url_2": "https://sortiment.lidl.ch/media/catalog/product/cache/38c728e59b3a47950872534eff8a1e63/1/4/149433_ImperialIPA_PSXX.jpg",
  "file_name_3": "149433_3.jpg",
  "image_url_3": "https://sortiment.lidl.ch/media/catalog/product/cache/38c728e59b3a47950872534eff8a1e63/1/4/149433_ImperialStout_PSXX.jpg",
  "file_name_4": "149433_4.jpg",
  "image_url_4": "https://sortiment.lidl.ch/media/catalog/product/cache/38c728e59b3a47950872534eff8a1e63/1/4/149433_SessionIPA_PSXX.jpg",
  "file_name_5": "149433_5.jpg",
  "image_url_5": "https://sortiment.lidl.ch/media/catalog/product/cache/38c728e59b3a47950872534eff8a1e63/1/4/149433_WheatPaleAle_PSXX.jpg"
},
{
  "_id": {
    "$oid": "66f3a5e7d23ade1eec55fc69"
  },
  "unique_id": "6607667",
  "product_name": "Chili Sauce",
  "brand": "Kania",
  "regular_price": 1.49,
  "selling_price": 1.49,
  "price_per_unit": "pro 250ml | 1L = 5.96 CHF",
  "breadcrumb": "Sortiment > Sortiment > Chili Sauce",
  "pdp_url": "https://sortiment.lidl.ch/de/chili-sauce-6607667",
  "product_description": "Artikelnr.: 6607667",
  "producthierarchy_level1": "Sortiment",
  "producthierarchy_level2": "Sortiment",
  "producthierarchy_level3": "Chili Sauce",
  "producthierarchy_level4": "",
  "producthierarchy_level5": "",
  "producthierarchy_level6": "",
  "producthierarchy_level7": "",
  "currency": "Swiss franc",
  "file_name_1": "6607667_1.jpg",
  "image_url_1": "https://sortiment.lidl.ch/media/catalog/product/cache/38c728e59b3a47950872534eff8a1e63/6/6/6607667_Hot_PSXX.jpg",
  "file_name_2": "6607667_2.jpg",
  "image_url_2": "https://sortiment.lidl.ch/media/catalog/product/cache/38c728e59b3a47950872534eff8a1e63/6/6/6607667_Sweet_PSXX.jpg"
},
{
  "_id": {
    "$oid": "66f3a5e9d23ade1eec55fc6a"
  },
  "unique_id": "157353",
  "product_name": "Geschirrspülmittel",
  "brand": "W5 Nature",
  "regular_price": 1.99,
  "selling_price": 1.99,
  "price_per_unit": "pro 500ml | 1L = 3.98 CHF",
  "breadcrumb": "Sortiment > Sortiment > Geschirrspülmittel",
  "pdp_url": "https://sortiment.lidl.ch/de/geschirrspuelmittel-0157353",
  "product_description": "Artikelnr.: 157353",
  "producthierarchy_level1": "Sortiment",
  "producthierarchy_level2": "Sortiment",
  "producthierarchy_level3": "Geschirrspülmittel",
  "producthierarchy_level4": "",
  "producthierarchy_level5": "",
  "producthierarchy_level6": "",
  "producthierarchy_level7": "",
  "currency": "Swiss franc",
  "file_name_1": "157353_1.jpg",
  "image_url_1": "https://sortiment.lidl.ch/media/catalog/product/cache/38c728e59b3a47950872534eff8a1e63/1/5/157353_AloeVera_PSXX.jpg",
  "file_name_2": "157353_2.jpg",
  "image_url_2": "https://sortiment.lidl.ch/media/catalog/product/cache/38c728e59b3a47950872534eff8a1e63/1/5/157353_Himbeere_PSXX.jpg",
  "file_name_3": "157353_3.jpg",
  "image_url_3": "https://sortiment.lidl.ch/media/catalog/product/cache/38c728e59b3a47950872534eff8a1e63/1/5/157353_Limetten_PSXX.jpg"
},
{
  "_id": {
    "$oid": "66f3a5ead23ade1eec55fc6b"
  },
  "unique_id": "136073",
  "product_name": "High Protein Brot",
  "brand": "Tastino",
  "regular_price": 2.29,
  "selling_price": 2.29,
  "price_per_unit": "pro 200g, 250g, 260g | 100g = 1.15, 0.92, 0.89 CHF",
  "breadcrumb": "Sortiment > Sortiment > High Protein Brot",
  "pdp_url": "https://sortiment.lidl.ch/de/high-protein-brot-0136073",
  "product_description": "Artikelnr.: 136073",
  "producthierarchy_level1": "Sortiment",
  "producthierarchy_level2": "Sortiment",
  "producthierarchy_level3": "High Protein Brot",
  "producthierarchy_level4": "",
  "producthierarchy_level5": "",
  "producthierarchy_level6": "",
  "producthierarchy_level7": "",
  "currency": "Swiss franc",
  "file_name_1": "136073_1.jpg",
  "image_url_1": "https://sortiment.lidl.ch/media/catalog/product/cache/38c728e59b3a47950872534eff8a1e63/1/3/136073_200g_PSXX.jpg",
  "file_name_2": "136073_2.jpg",
  "image_url_2": "https://sortiment.lidl.ch/media/catalog/product/cache/38c728e59b3a47950872534eff8a1e63/1/3/136073_250g_PSXX.jpg",
  "file_name_3": "136073_3.jpg",
  "image_url_3": "https://sortiment.lidl.ch/media/catalog/product/cache/38c728e59b3a47950872534eff8a1e63/1/3/136073_260g_PSXX.jpg"
},
{
  "_id": {
    "$oid": "66f3a5ebd23ade1eec55fc6c"
  },
  "unique_id": "7533",
  "product_name": "Freixenet Carta Nevada",
  "brand": "Freixenet",
  "regular_price": 9.75,
  "selling_price": 9.75,
  "price_per_unit": "pro 0,75l | 1L = 13.00 CHF",
  "breadcrumb": "Sortiment > Sortiment > Freixenet Carta Nevada",
  "pdp_url": "https://sortiment.lidl.ch/de/freixenet-carta-nevada-0007533",
  "product_description": "Artikelnr.: 7533",
  "producthierarchy_level1": "Sortiment",
  "producthierarchy_level2": "Sortiment",
  "producthierarchy_level3": "Freixenet Carta Nevada",
  "producthierarchy_level4": "",
  "producthierarchy_level5": "",
  "producthierarchy_level6": "",
  "producthierarchy_level7": "",
  "currency": "Swiss franc",
  "file_name_1": "7533_1.jpg",
  "image_url_1": "https://sortiment.lidl.ch/media/catalog/product/cache/38c728e59b3a47950872534eff8a1e63/7/5/7533_PSWE.jpg"
},
{
  "_id": {
    "$oid": "66f3a5ecd23ade1eec55fc6d"
  },
  "unique_id": "156200",
  "product_name": "Waschmittel Doypack",
  "brand": "Maxitrat",
  "regular_price": 3.99,
  "selling_price": 3.99,
  "price_per_unit": "pro 2,2l | 1L = 1.82 CHF",
  "breadcrumb": "Sortiment > Sortiment > Waschmittel Doypack",
  "pdp_url": "https://sortiment.lidl.ch/de/waschmittel-doypack-0156200",
  "product_description": "Artikelnr.: 156200",
  "producthierarchy_level1": "Sortiment",
  "producthierarchy_level2": "Sortiment",
  "producthierarchy_level3": "Waschmittel Doypack",
  "producthierarchy_level4": "",
  "producthierarchy_level5": "",
  "producthierarchy_level6": "",
  "producthierarchy_level7": "",
  "currency": "Swiss franc",
  "file_name_1": "156200_1.jpg",
  "image_url_1": "https://sortiment.lidl.ch/media/catalog/product/cache/38c728e59b3a47950872534eff8a1e63/1/5/156200_Color_PSXX.jpg",
  "file_name_2": "156200_2.jpg",
  "image_url_2": "https://sortiment.lidl.ch/media/catalog/product/cache/38c728e59b3a47950872534eff8a1e63/1/5/156200_Universal_PSXX.jpg"
},
{
  "_id": {
    "$oid": "66f3a5edd23ade1eec55fc6e"
  },
  "unique_id": "161221",
  "product_name": "Pastagerichte",
  "brand": "Chef Select",
  "regular_price": 2.79,
  "selling_price": 2.79,
  "price_per_unit": "pro 400g | 100g = 0.70 CHF",
  "breadcrumb": "Sortiment > Sortiment > Pastagerichte",
  "pdp_url": "https://sortiment.lidl.ch/de/pastagerichte-0161221",
  "product_description": "Artikelnr.: 161221",
  "producthierarchy_level1": "Sortiment",
  "producthierarchy_level2": "Sortiment",
  "producthierarchy_level3": "Pastagerichte",
  "producthierarchy_level4": "",
  "producthierarchy_level5": "",
  "producthierarchy_level6": "",
  "producthierarchy_level7": "",
  "currency": "Swiss franc",
  "file_name_1": "161221_1.jpg",
  "image_url_1": "https://sortiment.lidl.ch/media/catalog/product/cache/38c728e59b3a47950872534eff8a1e63/1/6/161221_Arrabiata_PSXX.jpg",
  "file_name_2": "161221_2.jpg",
  "image_url_2": "https://sortiment.lidl.ch/media/catalog/product/cache/38c728e59b3a47950872534eff8a1e63/1/6/161221_Bolognese_PSXX.jpg",
  "file_name_3": "161221_3.jpg",
  "image_url_3": "https://sortiment.lidl.ch/media/catalog/product/cache/38c728e59b3a47950872534eff8a1e63/1/6/161221_Carbonara_PSXX.jpg"
},
{
  "_id": {
    "$oid": "66f3a5efd23ade1eec55fc6f"
  },
  "unique_id": "5110090",
  "product_name": "Sbrinz AOP Möckli",
  "brand": "",
  "regular_price": 3.49,
  "selling_price": 3.49,
  "price_per_unit": "pro 100g",
  "breadcrumb": "Sortiment > Sortiment > Sbrinz AOP Möckli",
  "pdp_url": "https://sortiment.lidl.ch/de/sbrinz-aop-moeckli-5110090",
  "product_description": "Artikelnr.: 5110090",
  "producthierarchy_level1": "Sortiment",
  "producthierarchy_level2": "Sortiment",
  "producthierarchy_level3": "Sbrinz AOP Möckli",
  "producthierarchy_level4": "",
  "producthierarchy_level5": "",
  "producthierarchy_level6": "",
  "producthierarchy_level7": "",
  "currency": "Swiss franc",
  "file_name_1": "5110090_1.jpg",
  "image_url_1": "https://sortiment.lidl.ch/media/catalog/product/cache/38c728e59b3a47950872534eff8a1e63/5/1/5110090_FKBF.jpg",
  "file_name_2": "5110090_2.jpg",
  "image_url_2": "https://sortiment.lidl.ch/media/catalog/product/cache/38c728e59b3a47950872534eff8a1e63/5/1/5110090_PSXX.jpg"
},
{
  "_id": {
    "$oid": "66f3a5f0d23ade1eec55fc70"
  },
  "unique_id": "5109764",
  "product_name": "Bio Crunchy Joghurt",
  "brand": "Milbona",
  "regular_price": 1.99,
  "selling_price": 1.99,
  "price_per_unit": "pro 225g | 100g = 0.89 CHF",
  "breadcrumb": "Sortiment > Sortiment > Bio Crunchy Joghurt",
  "pdp_url": "https://sortiment.lidl.ch/de/bio-crunchy-joghurt-5109764",
  "product_description": "Artikelnr.: 5109764",
  "producthierarchy_level1": "Sortiment",
  "producthierarchy_level2": "Sortiment",
  "producthierarchy_level3": "Bio Crunchy Joghurt",
  "producthierarchy_level4": "",
  "producthierarchy_level5": "",
  "producthierarchy_level6": "",
  "producthierarchy_level7": "",
  "currency": "Swiss franc",
  "file_name_1": "5109764_1.jpg",
  "image_url_1": "https://sortiment.lidl.ch/media/catalog/product/cache/38c728e59b3a47950872534eff8a1e63/5/1/5109764_Erdbeer_Fruechtemuesli_PSXX.jpg",
  "file_name_2": "5109764_2.jpg",
  "image_url_2": "https://sortiment.lidl.ch/media/catalog/product/cache/38c728e59b3a47950872534eff8a1e63/5/1/5109764_Nature_PSXX.jpg",
  "file_name_3": "5109764_3.jpg",
  "image_url_3": "https://sortiment.lidl.ch/media/catalog/product/cache/38c728e59b3a47950872534eff8a1e63/5/1/5109764_Waldbeere_PSXX.jpg",
  "file_name_4": "5109764_4.jpg",
  "image_url_4": "https://sortiment.lidl.ch/media/catalog/product/cache/38c728e59b3a47950872534eff8a1e63/5/1/5109764_Zwetschge_Zimt_PSXX.jpg"
},
{
  "_id": {
    "$oid": "66f3a5f1d23ade1eec55fc71"
  },
  "unique_id": "142694",
  "product_name": "Crispy Chicken",
  "brand": "chickenlicious",
  "regular_price": 4.99,
  "selling_price": 4.99,
  "price_per_unit": "pro 270g, 325g | 100g = 1.85, 1.54 CHF",
  "breadcrumb": "Sortiment > Sortiment > Crispy Chicken",
  "pdp_url": "https://sortiment.lidl.ch/de/crispy-chicken-0142694",
  "product_description": "Artikelnr.: 142694",
  "producthierarchy_level1": "Sortiment",
  "producthierarchy_level2": "Sortiment",
  "producthierarchy_level3": "Crispy Chicken",
  "producthierarchy_level4": "",
  "producthierarchy_level5": "",
  "producthierarchy_level6": "",
  "producthierarchy_level7": "",
  "currency": "Swiss franc",
  "file_name_1": "142694_1.jpg",
  "image_url_1": "https://sortiment.lidl.ch/media/catalog/product/cache/38c728e59b3a47950872534eff8a1e63/1/4/142694_Bites_PSXX.jpg",
  "file_name_2": "142694_2.jpg",
  "image_url_2": "https://sortiment.lidl.ch/media/catalog/product/cache/38c728e59b3a47950872534eff8a1e63/1/4/142694_Crisp_PSXX.jpg",
  "file_name_3": "142694_3.jpg",
  "image_url_3": "https://sortiment.lidl.ch/media/catalog/product/cache/38c728e59b3a47950872534eff8a1e63/1/4/142694_PSXX.jpg"
},
{
  "_id": {
    "$oid": "66f3a5f3d23ade1eec55fc72"
  },
  "unique_id": "12045",
  "product_name": "Pfannengerichte",
  "brand": "Culinea",
  "regular_price": 3.95,
  "selling_price": 3.95,
  "price_per_unit": "pro 750g | 100g = 0.53 CHF",
  "breadcrumb": "Sortiment > Sortiment > Pfannengerichte",
  "pdp_url": "https://sortiment.lidl.ch/de/pfannengerichte-0012045",
  "product_description": "Artikelnr.: 12045",
  "producthierarchy_level1": "Sortiment",
  "producthierarchy_level2": "Sortiment",
  "producthierarchy_level3": "Pfannengerichte",
  "producthierarchy_level4": "",
  "producthierarchy_level5": "",
  "producthierarchy_level6": "",
  "producthierarchy_level7": "",
  "currency": "Swiss franc",
  "file_name_1": "12045_1.jpg",
  "image_url_1": "https://sortiment.lidl.ch/media/catalog/product/cache/38c728e59b3a47950872534eff8a1e63/1/2/12045_Bacon_PSXX_1.jpg",
  "file_name_2": "12045_2.jpg",
  "image_url_2": "https://sortiment.lidl.ch/media/catalog/product/cache/38c728e59b3a47950872534eff8a1e63/1/2/12045_Bami_Goreng_PSXX.jpg",
  "file_name_3": "12045_3.jpg",
  "image_url_3": "https://sortiment.lidl.ch/media/catalog/product/cache/38c728e59b3a47950872534eff8a1e63/1/2/12045_Chicken_PSXX_1.jpg",
  "file_name_4": "12045_4.jpg",
  "image_url_4": "https://sortiment.lidl.ch/media/catalog/product/cache/38c728e59b3a47950872534eff8a1e63/1/2/12045_Nasi_Goreng_PSXX.jpg",
  "file_name_5": "12045_5.jpg",
  "image_url_5": "https://sortiment.lidl.ch/media/catalog/product/cache/38c728e59b3a47950872534eff8a1e63/1/2/12045_Paella_PSXX.jpg"
},
{
  "_id": {
    "$oid": "66f3a5f4d23ade1eec55fc73"
  },
  "unique_id": "5109740",
  "product_name": "Real Thai Kokosnussmilch",
  "brand": "Real Thai",
  "regular_price": 2.39,
  "selling_price": 2.39,
  "price_per_unit": "pro 250ml | 1L = 9.56 CHF",
  "breadcrumb": "Sortiment > Sortiment > Real Thai Kokosnussmilch",
  "pdp_url": "https://sortiment.lidl.ch/de/real-thai-kokosnussmilch-5109740",
  "product_description": "Artikelnr.: 5109740",
  "producthierarchy_level1": "Sortiment",
  "producthierarchy_level2": "Sortiment",
  "producthierarchy_level3": "Real Thai Kokosnussmilch",
  "producthierarchy_level4": "",
  "producthierarchy_level5": "",
  "producthierarchy_level6": "",
  "producthierarchy_level7": "",
  "currency": "Swiss franc",
  "file_name_1": "5109740_1.jpg",
  "image_url_1": "https://sortiment.lidl.ch/media/amasty/amoptmobile/catalog/product/cache/38c728e59b3a47950872534eff8a1e63/5/1/5109740_PSXX.jpg",
  "file_name_2": "5109740_2.jpg",
  "image_url_2": "https://sortiment.lidl.ch/media/catalog/product/cache/38c728e59b3a47950872534eff8a1e63/5/1/5109740_light_PSXX.jpg"
},
{
  "_id": {
    "$oid": "66f3a5f5d23ade1eec55fc74"
  },
  "unique_id": "5109745",
  "product_name": "Real Thai Curry Paste",
  "brand": "Real Thai",
  "regular_price": 3.95,
  "selling_price": 3.95,
  "price_per_unit": "pro 227g | 100g = 1.75 CHF",
  "breadcrumb": "Sortiment > Sortiment > Real Thai Curry Paste",
  "pdp_url": "https://sortiment.lidl.ch/de/real-thai-curry-paste-5109745",
  "product_description": "Artikelnr.: 5109745",
  "producthierarchy_level1": "Sortiment",
  "producthierarchy_level2": "Sortiment",
  "producthierarchy_level3": "Real Thai Curry Paste",
  "producthierarchy_level4": "",
  "producthierarchy_level5": "",
  "producthierarchy_level6": "",
  "producthierarchy_level7": "",
  "currency": "Swiss franc",
  "file_name_1": "5109745_1.jpg",
  "image_url_1": "https://sortiment.lidl.ch/media/catalog/product/cache/38c728e59b3a47950872534eff8a1e63/5/1/5109745_gelb_PSXX.jpg",
  "file_name_2": "5109745_2.jpg",
  "image_url_2": "https://sortiment.lidl.ch/media/catalog/product/cache/38c728e59b3a47950872534eff8a1e63/5/1/5109745_gruen_PSXX.jpg",
  "file_name_3": "5109745_3.jpg",
  "image_url_3": "https://sortiment.lidl.ch/media/catalog/product/cache/38c728e59b3a47950872534eff8a1e63/5/1/5109745_rot_PSXX.jpg"
},
{
  "_id": {
    "$oid": "66f3a5f7d23ade1eec55fc75"
  },
  "unique_id": "5103874",
  "product_name": "Appenzeller extra",
  "brand": "",
  "regular_price": 4.29,
  "selling_price": 4.29,
  "price_per_unit": "pro 200g | 100g = 2.15 CHF",
  "breadcrumb": "Sortiment > Sortiment > Appenzeller extra",
  "pdp_url": "https://sortiment.lidl.ch/de/appenzeller-extra-5103874",
  "product_description": "Artikelnr.: 5103874",
  "producthierarchy_level1": "Sortiment",
  "producthierarchy_level2": "Sortiment",
  "producthierarchy_level3": "Appenzeller extra",
  "producthierarchy_level4": "",
  "producthierarchy_level5": "",
  "producthierarchy_level6": "",
  "producthierarchy_level7": "",
  "currency": "Swiss franc",
  "file_name_1": "5103874_1.jpg",
  "image_url_1": "https://sortiment.lidl.ch/media/catalog/product/cache/38c728e59b3a47950872534eff8a1e63/5/1/5103874_FKBF.jpg",
  "file_name_2": "5103874_2.jpg",
  "image_url_2": "https://sortiment.lidl.ch/media/catalog/product/cache/38c728e59b3a47950872534eff8a1e63/5/1/5103874_PSXX.jpg"
},
{
  "_id": {
    "$oid": "66f3a5f8d23ade1eec55fc76"
  },
  "unique_id": "161607",
  "product_name": "Coppa",
  "brand": "Deluxe",
  "regular_price": 4.99,
  "selling_price": 3.49,
  "price_per_unit": "pro 80g | 100g = 4.37 CHF",
  "breadcrumb": "Sortiment > Sortiment > Coppa",
  "pdp_url": "https://sortiment.lidl.ch/de/coppa-0161607",
  "product_description": "Artikelnr.: 161607",
  "producthierarchy_level1": "Sortiment",
  "producthierarchy_level2": "Sortiment",
  "producthierarchy_level3": "Coppa",
  "producthierarchy_level4": "",
  "producthierarchy_level5": "",
  "producthierarchy_level6": "",
  "producthierarchy_level7": "",
  "currency": "Swiss franc",
  "file_name_1": "161607_1.jpg",
  "image_url_1": "https://sortiment.lidl.ch/media/catalog/product/cache/38c728e59b3a47950872534eff8a1e63/1/6/161607_FKBF.jpg"
},
{
  "_id": {
    "$oid": "66f3a5fad23ade1eec55fc77"
  },
  "unique_id": "150970",
  "product_name": "Jamon Ibérico 24 Monate gereift",
  "brand": "Deluxe",
  "regular_price": 7.99,
  "selling_price": 7.99,
  "price_per_unit": "pro 80g | 100g = 9.99 CHF",
  "breadcrumb": "Sortiment > Sortiment > Jamon Ibérico 24 Monate gereift",
  "pdp_url": "https://sortiment.lidl.ch/de/jamon-iberico-24-monate-gereift-0150970",
  "product_description": "Artikelnr.: 150970",
  "producthierarchy_level1": "Sortiment",
  "producthierarchy_level2": "Sortiment",
  "producthierarchy_level3": "Jamon Ibérico 24 Monate gereift",
  "producthierarchy_level4": "",
  "producthierarchy_level5": "",
  "producthierarchy_level6": "",
  "producthierarchy_level7": "",
  "currency": "Swiss franc",
  "file_name_1": "150970_1.jpg",
  "image_url_1": "https://sortiment.lidl.ch/media/catalog/product/cache/38c728e59b3a47950872534eff8a1e63/1/5/150970_FKBF.jpg",
  "file_name_2": "150970_2.jpg",
  "image_url_2": "https://sortiment.lidl.ch/media/catalog/product/cache/38c728e59b3a47950872534eff8a1e63/1/5/150970_PSXX.jpg"
},
{
  "_id": {
    "$oid": "66f3a5fcd23ade1eec55fc78"
  },
  "unique_id": "5109197",
  "product_name": "Kochspeck geräuchert",
  "brand": "Maestade",
  "regular_price": 1.49,
  "selling_price": 1.49,
  "price_per_unit": "pro 100g, ca. 600-1000g",
  "breadcrumb": "Sortiment > Sortiment > Kochspeck geräuchert",
  "pdp_url": "https://sortiment.lidl.ch/de/kochspeck-geraeuchert-5109197",
  "product_description": "Artikelnr.: 5109197",
  "producthierarchy_level1": "Sortiment",
  "producthierarchy_level2": "Sortiment",
  "producthierarchy_level3": "Kochspeck geräuchert",
  "producthierarchy_level4": "",
  "producthierarchy_level5": "",
  "producthierarchy_level6": "",
  "producthierarchy_level7": "",
  "currency": "Swiss franc",
  "file_name_1": "5109197_1.jpg",
  "image_url_1": "https://sortiment.lidl.ch/media/catalog/product/cache/38c728e59b3a47950872534eff8a1e63/5/1/5109197_FKBF.jpg"
},
{
  "_id": {
    "$oid": "66f3a5fdd23ade1eec55fc79"
  },
  "unique_id": "5109968",
  "product_name": "Bio Weiderind Siedefleisch",
  "brand": "Bonvalle",
  "regular_price": 2.99,
  "selling_price": 2.99,
  "price_per_unit": "pro 100g, ca. 600-1000g",
  "breadcrumb": "Sortiment > Sortiment > Bio Weiderind Siedefleisch",
  "pdp_url": "https://sortiment.lidl.ch/de/bio-weiderind-siedefleisch-5109968",
  "product_description": "Artikelnr.: 5109968",
  "producthierarchy_level1": "Sortiment",
  "producthierarchy_level2": "Sortiment",
  "producthierarchy_level3": "Bio Weiderind Siedefleisch",
  "producthierarchy_level4": "",
  "producthierarchy_level5": "",
  "producthierarchy_level6": "",
  "producthierarchy_level7": "",
  "currency": "Swiss franc",
  "file_name_1": "5109968_1.jpg",
  "image_url_1": "https://sortiment.lidl.ch/media/catalog/product/cache/38c728e59b3a47950872534eff8a1e63/5/1/5109968_FKBF.jpg"
},
{
  "_id": {
    "$oid": "66f3a5fed23ade1eec55fc7a"
  },
  "unique_id": "5109963",
  "product_name": "Bio Weiderind Médaillons",
  "brand": "Bonvalle",
  "regular_price": 6.99,
  "selling_price": 6.99,
  "price_per_unit": "pro 100g, ca. 180-220g",
  "breadcrumb": "Sortiment > Sortiment > Bio Weiderind Médaillons",
  "pdp_url": "https://sortiment.lidl.ch/de/bio-weiderind-medaillons-5109963",
  "product_description": "Artikelnr.: 5109963",
  "producthierarchy_level1": "Sortiment",
  "producthierarchy_level2": "Sortiment",
  "producthierarchy_level3": "Bio Weiderind Médaillons",
  "producthierarchy_level4": "",
  "producthierarchy_level5": "",
  "producthierarchy_level6": "",
  "producthierarchy_level7": "",
  "currency": "Swiss franc",
  "file_name_1": "5109963_1.jpg",
  "image_url_1": "https://sortiment.lidl.ch/media/catalog/product/cache/38c728e59b3a47950872534eff8a1e63/5/1/5109963_FKBF.jpg"
},
{
  "_id": {
    "$oid": "66f3a5ffd23ade1eec55fc7b"
  },
  "unique_id": "5109961",
  "product_name": "Bio Weiderind Entrecôte",
  "brand": "Bonvalle",
  "regular_price": 5.99,
  "selling_price": 5.99,
  "price_per_unit": "pro 100g, ca. 180-220g",
  "breadcrumb": "Sortiment > Sortiment > Bio Weiderind Entrecôte",
  "pdp_url": "https://sortiment.lidl.ch/de/bio-weiderind-entrecote-5109961",
  "product_description": "Artikelnr.: 5109961",
  "producthierarchy_level1": "Sortiment",
  "producthierarchy_level2": "Sortiment",
  "producthierarchy_level3": "Bio Weiderind Entrecôte",
  "producthierarchy_level4": "",
  "producthierarchy_level5": "",
  "producthierarchy_level6": "",
  "producthierarchy_level7": "",
  "currency": "Swiss franc",
  "file_name_1": "5109961_1.jpg",
  "image_url_1": "https://sortiment.lidl.ch/media/catalog/product/cache/38c728e59b3a47950872534eff8a1e63/5/1/5109961_Bio_Weiderind_PSXX.jpg",
  "file_name_2": "5109961_2.jpg",
  "image_url_2": "https://sortiment.lidl.ch/media/catalog/product/cache/38c728e59b3a47950872534eff8a1e63/5/1/5109961_FKBF.jpg"
},
{
  "_id": {
    "$oid": "66f3a601d23ade1eec55fc7c"
  },
  "unique_id": "5109960",
  "product_name": "Bio Weiderind Filet Médaillons",
  "brand": "Bonvalle",
  "regular_price": 9.99,
  "selling_price": 9.99,
  "price_per_unit": "pro 100g, ca. 120-250g",
  "breadcrumb": "Sortiment > Sortiment > Bio Weiderind Filet Médaillons",
  "pdp_url": "https://sortiment.lidl.ch/de/bio-weiderind-filet-medaillons-5109960",
  "product_description": "Artikelnr.: 5109960",
  "producthierarchy_level1": "Sortiment",
  "producthierarchy_level2": "Sortiment",
  "producthierarchy_level3": "Bio Weiderind Filet Médaillons",
  "producthierarchy_level4": "",
  "producthierarchy_level5": "",
  "producthierarchy_level6": "",
  "producthierarchy_level7": "",
  "currency": "Swiss franc",
  "file_name_1": "5109960_1.jpg",
  "image_url_1": "https://sortiment.lidl.ch/media/catalog/product/cache/38c728e59b3a47950872534eff8a1e63/5/1/5109960_FKBF.jpg"
},
{
  "_id": {
    "$oid": "66f3a602d23ade1eec55fc7d"
  },
  "unique_id": "5109977",
  "product_name": "Schweinsfilet",
  "brand": "Bonvalle",
  "regular_price": 2.99,
  "selling_price": 2.99,
  "price_per_unit": "pro 100g, ca. 400-600g",
  "breadcrumb": "Sortiment > Sortiment > Schweinsfilet",
  "pdp_url": "https://sortiment.lidl.ch/de/schweinsfilet-5109977",
  "product_description": "Artikelnr.: 5109977",
  "producthierarchy_level1": "Sortiment",
  "producthierarchy_level2": "Sortiment",
  "producthierarchy_level3": "Schweinsfilet",
  "producthierarchy_level4": "",
  "producthierarchy_level5": "",
  "producthierarchy_level6": "",
  "producthierarchy_level7": "",
  "currency": "Swiss franc",
  "file_name_1": "5109977_1.jpg",
  "image_url_1": "https://sortiment.lidl.ch/media/catalog/product/cache/38c728e59b3a47950872534eff8a1e63/5/1/5109977_FKBF.jpg"
},
{
  "_id": {
    "$oid": "66f3a603d23ade1eec55fc7e"
  },
  "unique_id": "5109412",
  "product_name": "Silberzwiebeln",
  "brand": "Freshona",
  "regular_price": 0.99,
  "selling_price": 0.99,
  "price_per_unit": "pro 200g (Abtropfgewicht) | 100g = 0.50 CHF",
  "breadcrumb": "Sortiment > Sortiment > Silberzwiebeln",
  "pdp_url": "https://sortiment.lidl.ch/de/silberzwiebeln-5109412",
  "product_description": "Artikelnr.: 5109412",
  "producthierarchy_level1": "Sortiment",
  "producthierarchy_level2": "Sortiment",
  "producthierarchy_level3": "Silberzwiebeln",
  "producthierarchy_level4": "",
  "producthierarchy_level5": "",
  "producthierarchy_level6": "",
  "producthierarchy_level7": "",
  "currency": "Swiss franc",
  "file_name_1": "5109412_1.jpg",
  "image_url_1": "https://sortiment.lidl.ch/media/catalog/product/cache/38c728e59b3a47950872534eff8a1e63/5/1/5109412_PSXX.jpg"
},
{
  "_id": {
    "$oid": "66f3a604d23ade1eec55fc7f"
  },
  "unique_id": "132302",
  "product_name": "Bio natives Kokosnussöl",
  "brand": "Vita D'or",
  "regular_price": 6.69,
  "selling_price": 6.69,
  "price_per_unit": "pro 450ml | 1L = 14.87 CHF",
  "breadcrumb": "Sortiment > Sortiment > Bio natives Kokosnussöl",
  "pdp_url": "https://sortiment.lidl.ch/de/bio-natives-kokosnussoel-0132302",
  "product_description": "Artikelnr.: 132302",
  "producthierarchy_level1": "Sortiment",
  "producthierarchy_level2": "Sortiment",
  "producthierarchy_level3": "Bio natives Kokosnussöl",
  "producthierarchy_level4": "",
  "producthierarchy_level5": "",
  "producthierarchy_level6": "",
  "producthierarchy_level7": "",
  "currency": "Swiss franc",
  "file_name_1": "132302_1.jpg",
  "image_url_1": "https://sortiment.lidl.ch/media/catalog/product/cache/38c728e59b3a47950872534eff8a1e63/1/3/132302_PSXX.jpg"
},
{
  "_id": {
    "$oid": "66f3a605d23ade1eec55fc80"
  },
  "unique_id": "5109758",
  "product_name": "Bio Bifidus Naturjoghurt 3.5%",
  "brand": "Milbona",
  "regular_price": 1.49,
  "selling_price": 1.49,
  "price_per_unit": "pro 500g | 100g = 0.30 CHF",
  "breadcrumb": "Sortiment > Sortiment > Bio Bifidus Naturjoghurt 3.5%",
  "pdp_url": "https://sortiment.lidl.ch/de/bio-bifidus-naturjoghurt-3-5-5109758",
  "product_description": "Artikelnr.: 5109758",
  "producthierarchy_level1": "Sortiment",
  "producthierarchy_level2": "Sortiment",
  "producthierarchy_level3": "Bio Bifidus Naturjoghurt 3.5%",
  "producthierarchy_level4": "",
  "producthierarchy_level5": "",
  "producthierarchy_level6": "",
  "producthierarchy_level7": "",
  "currency": "Swiss franc",
  "file_name_1": "5109758_1.jpg",
  "image_url_1": "https://sortiment.lidl.ch/media/catalog/product/cache/38c728e59b3a47950872534eff8a1e63/5/1/5109758_PSXX.jpg"
},
{
  "_id": {
    "$oid": "66f3a607d23ade1eec55fc81"
  },
  "unique_id": "5108814",
  "product_name": "Schweizer Terra Natura Eier",
  "brand": "",
  "regular_price": 2.97,
  "selling_price": 2.97,
  "price_per_unit": "pro 6 Stück | 1 Stk = 0.50 CHF",
  "breadcrumb": "Sortiment > Sortiment > Schweizer Terra Natura Eier",
  "pdp_url": "https://sortiment.lidl.ch/de/schweizer-terra-natura-eier-5108814",
  "product_description": "Artikelnr.: 5108814",
  "producthierarchy_level1": "Sortiment",
  "producthierarchy_level2": "Sortiment",
  "producthierarchy_level3": "Schweizer Terra Natura Eier",
  "producthierarchy_level4": "",
  "producthierarchy_level5": "",
  "producthierarchy_level6": "",
  "producthierarchy_level7": "",
  "currency": "Swiss franc",
  "file_name_1": "5108814_1.jpg",
  "image_url_1": "https://sortiment.lidl.ch/media/catalog/product/cache/38c728e59b3a47950872534eff8a1e63/5/1/5108814_PSXX.jpg"
},
{
  "_id": {
    "$oid": "66f3a608d23ade1eec55fc82"
  },
  "unique_id": "7202195",
  "product_name": "Bio Rohriegel",
  "brand": "Alesto",
  "regular_price": 0.99,
  "selling_price": 0.99,
  "price_per_unit": "pro 30g | 100g = 3.30 CHF",
  "breadcrumb": "Sortiment > Sortiment > Bio Rohriegel",
  "pdp_url": "https://sortiment.lidl.ch/de/bio-rohriegel-7202195",
  "product_description": "Artikelnr.: 7202195",
  "producthierarchy_level1": "Sortiment",
  "producthierarchy_level2": "Sortiment",
  "producthierarchy_level3": "Bio Rohriegel",
  "producthierarchy_level4": "",
  "producthierarchy_level5": "",
  "producthierarchy_level6": "",
  "producthierarchy_level7": "",
  "currency": "Swiss franc",
  "file_name_1": "7202195_1.jpg",
  "image_url_1": "https://sortiment.lidl.ch/media/catalog/product/cache/38c728e59b3a47950872534eff8a1e63/7/2/7202195_Chia_Kokos_PSXX.jpg",
  "file_name_2": "7202195_2.jpg",
  "image_url_2": "https://sortiment.lidl.ch/media/catalog/product/cache/38c728e59b3a47950872534eff8a1e63/7/2/7202195_Gojibeeren_PSXX.jpg",
  "file_name_3": "7202195_3.jpg",
  "image_url_3": "https://sortiment.lidl.ch/media/catalog/product/cache/38c728e59b3a47950872534eff8a1e63/7/2/7202195_Kakaobohnen_Mandeln_PSXX.jpg",
  "file_name_4": "7202195_4.jpg",
  "image_url_4": "https://sortiment.lidl.ch/media/catalog/product/cache/38c728e59b3a47950872534eff8a1e63/7/2/7202195_Mango_PSXX.jpg"
},
{
  "_id": {
    "$oid": "66f3a60ad23ade1eec55fc83"
  },
  "unique_id": "150378",
  "product_name": "Edelnussmischung",
  "brand": "Deluxe",
  "regular_price": 3.95,
  "selling_price": 3.95,
  "price_per_unit": "pro 150g | 100g = 2.64 CHF",
  "breadcrumb": "Sortiment > Sortiment > Edelnussmischung",
  "pdp_url": "https://sortiment.lidl.ch/de/edelnussmischung-0150378",
  "product_description": "Artikelnr.: 150378",
  "producthierarchy_level1": "Sortiment",
  "producthierarchy_level2": "Sortiment",
  "producthierarchy_level3": "Edelnussmischung",
  "producthierarchy_level4": "",
  "producthierarchy_level5": "",
  "producthierarchy_level6": "",
  "producthierarchy_level7": "",
  "currency": "Swiss franc",
  "file_name_1": "150378_1.jpg",
  "image_url_1": "https://sortiment.lidl.ch/media/catalog/product/cache/38c728e59b3a47950872534eff8a1e63/1/5/150378_PSXX.jpg"
},
{
  "_id": {
    "$oid": "66f3a60bd23ade1eec55fc84"
  },
  "unique_id": "81580",
  "product_name": "Bio Birnen 500g",
  "brand": "BIO Organic",
  "regular_price": 2.99,
  "selling_price": 2.99,
  "price_per_unit": "pro 500g | 1Kg = 5.98 CHF",
  "breadcrumb": "Sortiment > Sortiment > Bio Birnen 500g",
  "pdp_url": "https://sortiment.lidl.ch/de/bio-birnen-500g-0081580",
  "product_description": "Artikelnr.: 81580",
  "producthierarchy_level1": "Sortiment",
  "producthierarchy_level2": "Sortiment",
  "producthierarchy_level3": "Bio Birnen 500g",
  "producthierarchy_level4": "",
  "producthierarchy_level5": "",
  "producthierarchy_level6": "",
  "producthierarchy_level7": "",
  "currency": "Swiss franc",
  "file_name_1": "81580_1.jpg",
  "image_url_1": "https://sortiment.lidl.ch/media/catalog/product/cache/38c728e59b3a47950872534eff8a1e63/8/1/81580_OGAX.jpg",
  "file_name_2": "81580_2.jpg",
  "image_url_2": "https://sortiment.lidl.ch/media/catalog/product/cache/38c728e59b3a47950872534eff8a1e63/8/1/81580_OGFG.jpg"
},
{
  "_id": {
    "$oid": "66f3a60cd23ade1eec55fc85"
  },
  "unique_id": "163947",
  "product_name": "Gran Selone Premium Collection",
  "brand": "",
  "regular_price": 6.99,
  "selling_price": 6.99,
  "price_per_unit": "pro 0,75l | 1L = 9.32 CHF",
  "breadcrumb": "Sortiment > Sortiment > Gran Selone Premium Collection",
  "pdp_url": "https://sortiment.lidl.ch/de/gran-selone-premium-collection-0163947",
  "product_description": "Artikelnr.: 163947",
  "producthierarchy_level1": "Sortiment",
  "producthierarchy_level2": "Sortiment",
  "producthierarchy_level3": "Gran Selone Premium Collection",
  "producthierarchy_level4": "",
  "producthierarchy_level5": "",
  "producthierarchy_level6": "",
  "producthierarchy_level7": "",
  "currency": "Swiss franc",
  "file_name_1": "163947_1.jpg",
  "image_url_1": "https://sortiment.lidl.ch/media/catalog/product/cache/38c728e59b3a47950872534eff8a1e63/1/6/163947_PSWE_1.jpg"
},
{
  "_id": {
    "$oid": "66f3a60dd23ade1eec55fc86"
  },
  "unique_id": "6000433",
  "product_name": "Black Angus Bresaola",
  "brand": "Deluxe",
  "regular_price": 6.99,
  "selling_price": 6.99,
  "price_per_unit": "pro 80g | 100g = 8.74 CHF",
  "breadcrumb": "Sortiment > Sortiment > Black Angus Bresaola",
  "pdp_url": "https://sortiment.lidl.ch/de/black-angus-bresaola-6000433",
  "product_description": "Artikelnr.: 6000433",
  "producthierarchy_level1": "Sortiment",
  "producthierarchy_level2": "Sortiment",
  "producthierarchy_level3": "Black Angus Bresaola",
  "producthierarchy_level4": "",
  "producthierarchy_level5": "",
  "producthierarchy_level6": "",
  "producthierarchy_level7": "",
  "currency": "Swiss franc",
  "file_name_1": "6000433_1.jpg",
  "image_url_1": "https://sortiment.lidl.ch/media/catalog/product/cache/38c728e59b3a47950872534eff8a1e63/6/0/6000433_FKBF.jpg",
  "file_name_2": "6000433_2.jpg",
  "image_url_2": "https://sortiment.lidl.ch/media/catalog/product/cache/38c728e59b3a47950872534eff8a1e63/6/0/6000433_PSXX.jpg"
},
{
  "_id": {
    "$oid": "66f3a60ed23ade1eec55fc87"
  },
  "unique_id": "123257",
  "product_name": "Bio Tee",
  "brand": "Lord Nelson",
  "regular_price": 1.09,
  "selling_price": 1.09,
  "price_per_unit": "pro 20x2g | 100g = 2.73 CHF",
  "breadcrumb": "Sortiment > Sortiment > Bio Tee",
  "pdp_url": "https://sortiment.lidl.ch/de/bio-tee-0123257",
  "product_description": "Artikelnr.: 123257",
  "producthierarchy_level1": "Sortiment",
  "producthierarchy_level2": "Sortiment",
  "producthierarchy_level3": "Bio Tee",
  "producthierarchy_level4": "",
  "producthierarchy_level5": "",
  "producthierarchy_level6": "",
  "producthierarchy_level7": "",
  "currency": "Swiss franc",
  "file_name_1": "123257_1.jpg",
  "image_url_1": "https://sortiment.lidl.ch/media/catalog/product/cache/38c728e59b3a47950872534eff8a1e63/1/2/123257_Fenchel_PSXX.jpg",
  "file_name_2": "123257_2.jpg",
  "image_url_2": "https://sortiment.lidl.ch/media/catalog/product/cache/38c728e59b3a47950872534eff8a1e63/1/2/123257_Fruechte_PSXX.jpg"
},
{
  "_id": {
    "$oid": "66f3a610d23ade1eec55fc88"
  },
  "unique_id": "5109791",
  "product_name": "Tilsiter mild-aromatisch",
  "brand": "Fromani",
  "regular_price": 4.19,
  "selling_price": 4.19,
  "price_per_unit": "pro 225g | 100g = 1.87 CHF",
  "breadcrumb": "Sortiment > Sortiment > Tilsiter mild-aromatisch",
  "pdp_url": "https://sortiment.lidl.ch/de/tilsiter-mild-aromatisch-5109791",
  "product_description": "Artikelnr.: 5109791",
  "producthierarchy_level1": "Sortiment",
  "producthierarchy_level2": "Sortiment",
  "producthierarchy_level3": "Tilsiter mild-aromatisch",
  "producthierarchy_level4": "",
  "producthierarchy_level5": "",
  "producthierarchy_level6": "",
  "producthierarchy_level7": "",
  "currency": "Swiss franc",
  "file_name_1": "5109791_1.jpg",
  "image_url_1": "https://sortiment.lidl.ch/media/catalog/product/cache/38c728e59b3a47950872534eff8a1e63/5/1/5109791_FKBF.jpg"
},
{
  "_id": {
    "$oid": "66f3a611d23ade1eec55fc89"
  },
  "unique_id": "5108813",
  "product_name": "Schweizer Bio Eier",
  "brand": "",
  "regular_price": 4.69,
  "selling_price": 4.69,
  "price_per_unit": "pro 6 Stück | 1 Stk = 0.79 CHF",
  "breadcrumb": "Sortiment > Sortiment > Schweizer Bio Eier",
  "pdp_url": "https://sortiment.lidl.ch/de/schweizer-bio-eier-5108813",
  "product_description": "Artikelnr.: 5108813",
  "producthierarchy_level1": "Sortiment",
  "producthierarchy_level2": "Sortiment",
  "producthierarchy_level3": "Schweizer Bio Eier",
  "producthierarchy_level4": "",
  "producthierarchy_level5": "",
  "producthierarchy_level6": "",
  "producthierarchy_level7": "",
  "currency": "Swiss franc",
  "file_name_1": "5108813_1.jpg",
  "image_url_1": "https://sortiment.lidl.ch/media/catalog/product/cache/38c728e59b3a47950872534eff8a1e63/5/1/5108813_PSXX_1.jpg"
},
{
  "_id": {
    "$oid": "66f3a613d23ade1eec55fc8a"
  },
  "unique_id": "5103960",
  "product_name": "Rehpfeffer",
  "brand": "Chef Select",
  "regular_price": 9.95,
  "selling_price": 9.95,
  "price_per_unit": "pro 350g | 100g = 2.85 CHF",
  "breadcrumb": "Sortiment > Sortiment > Rehpfeffer",
  "pdp_url": "https://sortiment.lidl.ch/de/rehpfeffer-5103960",
  "product_description": "Artikelnr.: 5103960",
  "producthierarchy_level1": "Sortiment",
  "producthierarchy_level2": "Sortiment",
  "producthierarchy_level3": "Rehpfeffer",
  "producthierarchy_level4": "",
  "producthierarchy_level5": "",
  "producthierarchy_level6": "",
  "producthierarchy_level7": "",
  "currency": "Swiss franc",
  "file_name_1": "5103960_1.jpg",
  "image_url_1": "https://sortiment.lidl.ch/media/catalog/product/cache/38c728e59b3a47950872534eff8a1e63/5/1/5103960_PSXX_1.jpg",
  "file_name_2": "5103960_2.jpg",
  "image_url_2": "https://sortiment.lidl.ch/media/catalog/product/cache/38c728e59b3a47950872534eff8a1e63/5/1/5103960_Rehpfeffer_MOOB_1.jpg"
},
{
  "_id": {
    "$oid": "66f3a614d23ade1eec55fc8b"
  },
  "unique_id": "136569",
  "product_name": "Ribera del Duero Crianza DO",
  "brand": "Hachón",
  "regular_price": 6.95,
  "selling_price": 6.95,
  "price_per_unit": "pro 0,75l | 1L = 9.27 CHF",
  "breadcrumb": "Sortiment > Sortiment > Ribera del Duero Crianza DO",
  "pdp_url": "https://sortiment.lidl.ch/de/ribera-del-duero-crianza-do-0136569",
  "product_description": "Artikelnr.: 136569",
  "producthierarchy_level1": "Sortiment",
  "producthierarchy_level2": "Sortiment",
  "producthierarchy_level3": "Ribera del Duero Crianza DO",
  "producthierarchy_level4": "",
  "producthierarchy_level5": "",
  "producthierarchy_level6": "",
  "producthierarchy_level7": "",
  "currency": "Swiss franc",
  "file_name_1": "136569_1.jpg",
  "image_url_1": "https://sortiment.lidl.ch/media/catalog/product/cache/38c728e59b3a47950872534eff8a1e63/1/3/136569_PSWE_1.jpg"
},
{
  "_id": {
    "$oid": "66f3a616d23ade1eec55fc8c"
  },
  "unique_id": "141821",
  "product_name": "Pure Taste Hundetrockenfutter",
  "brand": "Orlando",
  "regular_price": 4.95,
  "selling_price": 4.95,
  "price_per_unit": "pro 1,5kg | 1Kg = 3.30 CHF",
  "breadcrumb": "Sortiment > Sortiment > Pure Taste Hundetrockenfutter",
  "pdp_url": "https://sortiment.lidl.ch/de/pure-taste-hundetrockenfutter-0141821",
  "product_description": "Artikelnr.: 141821",
  "producthierarchy_level1": "Sortiment",
  "producthierarchy_level2": "Sortiment",
  "producthierarchy_level3": "Pure Taste Hundetrockenfutter",
  "producthierarchy_level4": "",
  "producthierarchy_level5": "",
  "producthierarchy_level6": "",
  "producthierarchy_level7": "",
  "currency": "Swiss franc",
  "file_name_1": "141821_1.jpg",
  "image_url_1": "https://sortiment.lidl.ch/media/catalog/product/cache/38c728e59b3a47950872534eff8a1e63/1/4/141821_Huhn_PSXX_1.jpg",
  "file_name_2": "141821_2.jpg",
  "image_url_2": "https://sortiment.lidl.ch/media/catalog/product/cache/38c728e59b3a47950872534eff8a1e63/1/4/141821_Rind_PSXX_1.jpg"
},
{
  "_id": {
    "$oid": "66f3a617d23ade1eec55fc8d"
  },
  "unique_id": "141827",
  "product_name": "Pure Taste Katzentrockennahrung",
  "brand": "Coshida",
  "regular_price": 2.49,
  "selling_price": 2.49,
  "price_per_unit": "pro 400g | 100g = 0.63 CHF",
  "breadcrumb": "Sortiment > Sortiment > Pure Taste Katzentrockennahrung",
  "pdp_url": "https://sortiment.lidl.ch/de/pure-taste-katzentrockennahrung-0141827",
  "product_description": "Artikelnr.: 141827",
  "producthierarchy_level1": "Sortiment",
  "producthierarchy_level2": "Sortiment",
  "producthierarchy_level3": "Pure Taste Katzentrockennahrung",
  "producthierarchy_level4": "",
  "producthierarchy_level5": "",
  "producthierarchy_level6": "",
  "producthierarchy_level7": "",
  "currency": "Swiss franc",
  "file_name_1": "141827_1.jpg",
  "image_url_1": "https://sortiment.lidl.ch/media/catalog/product/cache/38c728e59b3a47950872534eff8a1e63/1/4/141827_Fisch_PSXX_1.jpg",
  "file_name_2": "141827_2.jpg",
  "image_url_2": "https://sortiment.lidl.ch/media/catalog/product/cache/38c728e59b3a47950872534eff8a1e63/1/4/141827_Huhn_PSXX_1.jpg"
},
{
  "_id": {
    "$oid": "66f3a618d23ade1eec55fc8e"
  },
  "unique_id": "5108662",
  "product_name": "Sodaworld CO2 Tauschzyl. blau",
  "brand": "Silvercrest",
  "regular_price": 17.49,
  "selling_price": 17.49,
  "price_per_unit": "pro 425g",
  "breadcrumb": "Sortiment > Sortiment > Sodaworld CO2 Tauschzyl. blau",
  "pdp_url": "https://sortiment.lidl.ch/de/sodaworld-co2-tauschzyl-blau-5108662",
  "product_description": "Artikelnr.: 5108662",
  "producthierarchy_level1": "Sortiment",
  "producthierarchy_level2": "Sortiment",
  "producthierarchy_level3": "Sodaworld CO2 Tauschzyl. blau",
  "producthierarchy_level4": "",
  "producthierarchy_level5": "",
  "producthierarchy_level6": "",
  "producthierarchy_level7": "",
  "currency": "Swiss franc",
  "file_name_1": "5108662_1.jpg",
  "image_url_1": "https://sortiment.lidl.ch/media/catalog/product/cache/38c728e59b3a47950872534eff8a1e63/5/1/5108662_PSXX_1.jpg"
},
{
  "_id": {
    "$oid": "66f3a619d23ade1eec55fc8f"
  },
  "unique_id": "6503410",
  "product_name": "MSC Miesmuscheln",
  "brand": "Fisher's Choice",
  "regular_price": 6.99,
  "selling_price": 6.99,
  "price_per_unit": "pro 1000g",
  "breadcrumb": "Sortiment > Sortiment > MSC Miesmuscheln",
  "pdp_url": "https://sortiment.lidl.ch/de/msc-miesmuscheln-6503410",
  "product_description": "Artikelnr.: 6503410",
  "producthierarchy_level1": "Sortiment",
  "producthierarchy_level2": "Sortiment",
  "producthierarchy_level3": "MSC Miesmuscheln",
  "producthierarchy_level4": "",
  "producthierarchy_level5": "",
  "producthierarchy_level6": "",
  "producthierarchy_level7": "",
  "currency": "Swiss franc",
  "file_name_1": "6503410_1.jpg",
  "image_url_1": "https://sortiment.lidl.ch/media/catalog/product/cache/38c728e59b3a47950872534eff8a1e63/6/5/6503410_FKBF_1.jpg"
},
{
  "_id": {
    "$oid": "66f3a61ad23ade1eec55fc90"
  },
  "unique_id": "3322",
  "product_name": "Rehrücken",
  "brand": "Carnesi",
  "regular_price": 7.99,
  "selling_price": 7.99,
  "price_per_unit": "pro 100g, ca. 200g-300g",
  "breadcrumb": "Sortiment > Sortiment > Rehrücken",
  "pdp_url": "https://sortiment.lidl.ch/de/rehruecken-0003322",
  "product_description": "Artikelnr.: 3322",
  "producthierarchy_level1": "Sortiment",
  "producthierarchy_level2": "Sortiment",
  "producthierarchy_level3": "Rehrücken",
  "producthierarchy_level4": "",
  "producthierarchy_level5": "",
  "producthierarchy_level6": "",
  "producthierarchy_level7": "",
  "currency": "Swiss franc",
  "file_name_1": "3322_1.jpg",
  "image_url_1": "https://sortiment.lidl.ch/media/catalog/product/cache/38c728e59b3a47950872534eff8a1e63/3/3/3322_FKBF_1.jpg",
  "file_name_2": "3322_2.jpg",
  "image_url_2": "https://sortiment.lidl.ch/media/catalog/product/cache/38c728e59b3a47950872534eff8a1e63/3/3/3322_MOOB_1.jpg",
  "file_name_3": "3322_3.jpg",
  "image_url_3": "https://sortiment.lidl.ch/media/catalog/product/cache/38c728e59b3a47950872534eff8a1e63/3/3/3322_PSXX.jpg"
},
{
  "_id": {
    "$oid": "66f3a61bd23ade1eec55fc91"
  },
  "unique_id": "1842",
  "product_name": "Rothirschschnitzel nature",
  "brand": "Carnesi",
  "regular_price": 7.89,
  "selling_price": 7.89,
  "price_per_unit": "pro 2x100g | 100g = 3.95 CHF",
  "breadcrumb": "Sortiment > Sortiment > Rothirschschnitzel nature",
  "pdp_url": "https://sortiment.lidl.ch/de/rothirschschnitzel-nature-0001842",
  "product_description": "Artikelnr.: 1842",
  "producthierarchy_level1": "Sortiment",
  "producthierarchy_level2": "Sortiment",
  "producthierarchy_level3": "Rothirschschnitzel nature",
  "producthierarchy_level4": "",
  "producthierarchy_level5": "",
  "producthierarchy_level6": "",
  "producthierarchy_level7": "",
  "currency": "Swiss franc",
  "file_name_1": "1842_1.jpg",
  "image_url_1": "https://sortiment.lidl.ch/media/catalog/product/cache/38c728e59b3a47950872534eff8a1e63/1/8/1842_FKBF_1.jpg",
  "file_name_2": "1842_2.jpg",
  "image_url_2": "https://sortiment.lidl.ch/media/catalog/product/cache/38c728e59b3a47950872534eff8a1e63/1/8/1842_MOOB_1.jpg",
  "file_name_3": "1842_3.jpg",
  "image_url_3": "https://sortiment.lidl.ch/media/catalog/product/cache/38c728e59b3a47950872534eff8a1e63/1/8/1842_PSXX.jpg"
},
{
  "_id": {
    "$oid": "66f3a61dd23ade1eec55fc92"
  },
  "unique_id": "5109918",
  "product_name": "Rippli vom Nierstück",
  "brand": "Terra Natura",
  "regular_price": 2.49,
  "selling_price": 2.49,
  "price_per_unit": "pro 100g, ca. 400-600g",
  "breadcrumb": "Sortiment > Sortiment > Rippli vom Nierstück",
  "pdp_url": "https://sortiment.lidl.ch/de/rippli-vom-nierstueck-5109918",
  "product_description": "Artikelnr.: 5109918",
  "producthierarchy_level1": "Sortiment",
  "producthierarchy_level2": "Sortiment",
  "producthierarchy_level3": "Rippli vom Nierstück",
  "producthierarchy_level4": "",
  "producthierarchy_level5": "",
  "producthierarchy_level6": "",
  "producthierarchy_level7": "",
  "currency": "Swiss franc",
  "file_name_1": "5109918_1.jpg",
  "image_url_1": "https://sortiment.lidl.ch/media/catalog/product/cache/38c728e59b3a47950872534eff8a1e63/5/1/5109918_FKBF_1.jpg",
  "file_name_2": "5109918_2.jpg",
  "image_url_2": "https://sortiment.lidl.ch/media/catalog/product/cache/38c728e59b3a47950872534eff8a1e63/5/1/5109918_PSXX.jpg"
},
{
  "_id": {
    "$oid": "66f3a61ed23ade1eec55fc93"
  },
  "unique_id": "5109048",
  "product_name": "Poulet Innenfilet-Spiessl",
  "brand": "Bonvalle",
  "regular_price": 4.99,
  "selling_price": 4.99,
  "price_per_unit": "pro 335g | 100g = 1.49 CHF",
  "breadcrumb": "Sortiment > Sortiment > Poulet Innenfilet-Spiessl",
  "pdp_url": "https://sortiment.lidl.ch/de/poulet-innenfilet-spiessl-5109048",
  "product_description": "Artikelnr.: 5109048",
  "producthierarchy_level1": "Sortiment",
  "producthierarchy_level2": "Sortiment",
  "producthierarchy_level3": "Poulet Innenfilet-Spiessl",
  "producthierarchy_level4": "",
  "producthierarchy_level5": "",
  "producthierarchy_level6": "",
  "producthierarchy_level7": "",
  "currency": "Swiss franc",
  "file_name_1": "5109048_1.jpg",
  "image_url_1": "https://sortiment.lidl.ch/media/catalog/product/cache/38c728e59b3a47950872534eff8a1e63/5/1/5109048_FKBF_1.jpg",
  "file_name_2": "5109048_2.jpg",
  "image_url_2": "https://sortiment.lidl.ch/media/catalog/product/cache/38c728e59b3a47950872534eff8a1e63/5/1/5109048_PSXX.jpg"
},
{
  "_id": {
    "$oid": "66f3a61fd23ade1eec55fc94"
  },
  "unique_id": "158796",
  "product_name": "Pouletbrust Geschnetzeltes",
  "brand": "Carnesi",
  "regular_price": 7.99,
  "selling_price": 7.99,
  "price_per_unit": "pro 700g | 100g = 1.15 CHF",
  "breadcrumb": "Sortiment > Sortiment > Pouletbrust Geschnetzeltes",
  "pdp_url": "https://sortiment.lidl.ch/de/pouletbrust-geschnetzeltes-0158796",
  "product_description": "Artikelnr.: 158796",
  "producthierarchy_level1": "Sortiment",
  "producthierarchy_level2": "Sortiment",
  "producthierarchy_level3": "Pouletbrust Geschnetzeltes",
  "producthierarchy_level4": "",
  "producthierarchy_level5": "",
  "producthierarchy_level6": "",
  "producthierarchy_level7": "",
  "currency": "Swiss franc",
  "file_name_1": "158796_1.jpg",
  "image_url_1": "https://sortiment.lidl.ch/media/catalog/product/cache/38c728e59b3a47950872534eff8a1e63/1/5/158796_FKBF_1.jpg",
  "file_name_2": "158796_2.jpg",
  "image_url_2": "https://sortiment.lidl.ch/media/catalog/product/cache/38c728e59b3a47950872534eff8a1e63/1/5/158796_PSXX.jpg"
},
{
  "_id": {
    "$oid": "66f3a620d23ade1eec55fc95"
  },
  "unique_id": "158795",
  "product_name": "Pouletbrust",
  "brand": "Carnesi",
  "regular_price": 7.99,
  "selling_price": 7.99,
  "price_per_unit": "pro 700g | 100g = 1.15 CHF",
  "breadcrumb": "Sortiment > Sortiment > Pouletbrust",
  "pdp_url": "https://sortiment.lidl.ch/de/pouletbrust-0158795",
  "product_description": "Artikelnr.: 158795",
  "producthierarchy_level1": "Sortiment",
  "producthierarchy_level2": "Sortiment",
  "producthierarchy_level3": "Pouletbrust",
  "producthierarchy_level4": "",
  "producthierarchy_level5": "",
  "producthierarchy_level6": "",
  "producthierarchy_level7": "",
  "currency": "Swiss franc",
  "file_name_1": "158795_1.jpg",
  "image_url_1": "https://sortiment.lidl.ch/media/catalog/product/cache/38c728e59b3a47950872534eff8a1e63/1/5/158795_FKBF_1.jpg"
},
{
  "_id": {
    "$oid": "66f3a621d23ade1eec55fc96"
  },
  "unique_id": "158261",
  "product_name": "Holzbesteck Gabel+Löffel 2in1",
  "brand": "select & go",
  "regular_price": 0.1,
  "selling_price": 0.1,
  "price_per_unit": "pro Stück",
  "breadcrumb": "Sortiment > Sortiment > Holzbesteck Gabel+Löffel 2in1",
  "pdp_url": "https://sortiment.lidl.ch/de/holzbesteck-gabel-loeffel-2in1-0158261",
  "product_description": "Artikelnr.: 158261",
  "producthierarchy_level1": "Sortiment",
  "producthierarchy_level2": "Sortiment",
  "producthierarchy_level3": "Holzbesteck Gabel+Löffel 2in1",
  "producthierarchy_level4": "",
  "producthierarchy_level5": "",
  "producthierarchy_level6": "",
  "producthierarchy_level7": "",
  "currency": "Swiss franc",
  "file_name_1": "158261_1.jpg",
  "image_url_1": "https://sortiment.lidl.ch/media/amasty/amoptmobile/catalog/product/cache/38c728e59b3a47950872534eff8a1e63/1/5/158261_PSXX.jpg"
},
{
  "_id": {
    "$oid": "66f3a623d23ade1eec55fc97"
  },
  "unique_id": "157641",
  "product_name": "Kosmetikmüllbeutel mit Duft 10l",
  "brand": "Purio",
  "regular_price": 0.99,
  "selling_price": 0.99,
  "price_per_unit": "pro 75 Stück | 1 Stk = 0.02 CHF",
  "breadcrumb": "Sortiment > Sortiment > Kosmetikmüllbeutel mit Duft 10l",
  "pdp_url": "https://sortiment.lidl.ch/de/kosmetikmuellbeutel-mit-duft-10l-0157641",
  "product_description": "Artikelnr.: 157641",
  "producthierarchy_level1": "Sortiment",
  "producthierarchy_level2": "Sortiment",
  "producthierarchy_level3": "Kosmetikmüllbeutel mit Duft 10l",
  "producthierarchy_level4": "",
  "producthierarchy_level5": "",
  "producthierarchy_level6": "",
  "producthierarchy_level7": "",
  "currency": "Swiss franc",
  "file_name_1": "157641_1.jpg",
  "image_url_1": "https://sortiment.lidl.ch/media/amasty/amoptmobile/catalog/product/cache/38c728e59b3a47950872534eff8a1e63/1/5/157641_PSXX.jpg"
},
{
  "_id": {
    "$oid": "66f3a624d23ade1eec55fc98"
  },
  "unique_id": "151132",
  "product_name": "Frischhalte-Folie",
  "brand": "Aromata",
  "regular_price": 1.25,
  "selling_price": 1.25,
  "price_per_unit": "pro 75m",
  "breadcrumb": "Sortiment > Sortiment > Frischhalte-Folie",
  "pdp_url": "https://sortiment.lidl.ch/de/frischhalte-folie-0151132",
  "product_description": "Artikelnr.: 151132",
  "producthierarchy_level1": "Sortiment",
  "producthierarchy_level2": "Sortiment",
  "producthierarchy_level3": "Frischhalte-Folie",
  "producthierarchy_level4": "",
  "producthierarchy_level5": "",
  "producthierarchy_level6": "",
  "producthierarchy_level7": "",
  "currency": "Swiss franc",
  "file_name_1": "151132_1.jpg",
  "image_url_1": "https://sortiment.lidl.ch/media/catalog/product/cache/38c728e59b3a47950872534eff8a1e63/1/5/151132_PSXX_1.jpg"
},
{
  "_id": {
    "$oid": "66f3a625d23ade1eec55fc99"
  },
  "unique_id": "139324",
  "product_name": "Baby Pants XL Gr. 6",
  "brand": "Lupilu",
  "regular_price": 5.69,
  "selling_price": 5.69,
  "price_per_unit": "pro 18 Stück | 1 Stk = 0.32 CHF",
  "breadcrumb": "Sortiment > Sortiment > Baby Pants XL Gr. 6",
  "pdp_url": "https://sortiment.lidl.ch/de/baby-pants-xl-gr-6-0139324",
  "product_description": "Artikelnr.: 139324",
  "producthierarchy_level1": "Sortiment",
  "producthierarchy_level2": "Sortiment",
  "producthierarchy_level3": "Baby Pants XL Gr. 6",
  "producthierarchy_level4": "",
  "producthierarchy_level5": "",
  "producthierarchy_level6": "",
  "producthierarchy_level7": "",
  "currency": "Swiss franc",
  "file_name_1": "139324_1.jpg",
  "image_url_1": "https://sortiment.lidl.ch/media/catalog/product/cache/38c728e59b3a47950872534eff8a1e63/1/3/139324_PSXX_1.jpg"
},
{
  "_id": {
    "$oid": "66f3a626d23ade1eec55fc9a"
  },
  "unique_id": "139323",
  "product_name": "Junior Baby Pants Gr. 5",
  "brand": "Lupilu",
  "regular_price": 5.99,
  "selling_price": 5.99,
  "price_per_unit": "pro 20 Stück | 1 Stk = 0.30 CHF",
  "breadcrumb": "Sortiment > Sortiment > Junior Baby Pants Gr. 5",
  "pdp_url": "https://sortiment.lidl.ch/de/junior-baby-pants-gr-5-0139323",
  "product_description": "Artikelnr.: 139323",
  "producthierarchy_level1": "Sortiment",
  "producthierarchy_level2": "Sortiment",
  "producthierarchy_level3": "Junior Baby Pants Gr. 5",
  "producthierarchy_level4": "",
  "producthierarchy_level5": "",
  "producthierarchy_level6": "",
  "producthierarchy_level7": "",
  "currency": "Swiss franc",
  "file_name_1": "139323_1.jpg",
  "image_url_1": "https://sortiment.lidl.ch/media/amasty/amoptmobile/catalog/product/cache/38c728e59b3a47950872534eff8a1e63/1/3/139323_PSXX_1.jpg"
},
{
  "_id": {
    "$oid": "66f3a627d23ade1eec55fc9b"
  },
  "unique_id": "138252",
  "product_name": "Windeln Junior Gr. 5",
  "brand": "Lupilu",
  "regular_price": 12.29,
  "selling_price": 12.29,
  "price_per_unit": "pro 72 Stück | 1 Stk = 0.18 CHF",
  "breadcrumb": "Sortiment > Sortiment > Windeln Junior Gr. 5",
  "pdp_url": "https://sortiment.lidl.ch/de/windeln-junior-gr-5-0138252",
  "product_description": "Artikelnr.: 138252",
  "producthierarchy_level1": "Sortiment",
  "producthierarchy_level2": "Sortiment",
  "producthierarchy_level3": "Windeln Junior Gr. 5",
  "producthierarchy_level4": "",
  "producthierarchy_level5": "",
  "producthierarchy_level6": "",
  "producthierarchy_level7": "",
  "currency": "Swiss franc",
  "file_name_1": "138252_1.jpg",
  "image_url_1": "https://sortiment.lidl.ch/media/catalog/product/cache/38c728e59b3a47950872534eff8a1e63/1/3/138252_PSXX_1.jpg"
},
{
  "_id": {
    "$oid": "66f3a628d23ade1eec55fc9c"
  },
  "unique_id": "138089",
  "product_name": "Windeln XL Gr. 6",
  "brand": "Lupilu",
  "regular_price": 5.89,
  "selling_price": 5.89,
  "price_per_unit": "pro 30 Stück | 1 Stk = 0.20 CHF",
  "breadcrumb": "Sortiment > Sortiment > Windeln XL Gr. 6",
  "pdp_url": "https://sortiment.lidl.ch/de/windeln-xl-gr-6-0138089",
  "product_description": "Artikelnr.: 138089",
  "producthierarchy_level1": "Sortiment",
  "producthierarchy_level2": "Sortiment",
  "producthierarchy_level3": "Windeln XL Gr. 6",
  "producthierarchy_level4": "",
  "producthierarchy_level5": "",
  "producthierarchy_level6": "",
  "producthierarchy_level7": "",
  "currency": "Swiss franc",
  "file_name_1": "138089_1.jpg",
  "image_url_1": "https://sortiment.lidl.ch/media/amasty/amoptmobile/catalog/product/cache/38c728e59b3a47950872534eff8a1e63/1/3/138089_PSXX_1.jpg"
},
{
  "_id": {
    "$oid": "66f3a629d23ade1eec55fc9d"
  },
  "unique_id": "138085",
  "product_name": "Windeln Maxi Gr. 4",
  "brand": "Lupilu",
  "regular_price": 7.69,
  "selling_price": 7.69,
  "price_per_unit": "pro 50 Stück | 1 Stk = 0.16 CHF",
  "breadcrumb": "Sortiment > Sortiment > Windeln Maxi Gr. 4",
  "pdp_url": "https://sortiment.lidl.ch/de/windeln-maxi-gr-4-0138085",
  "product_description": "Artikelnr.: 138085",
  "producthierarchy_level1": "Sortiment",
  "producthierarchy_level2": "Sortiment",
  "producthierarchy_level3": "Windeln Maxi Gr. 4",
  "producthierarchy_level4": "",
  "producthierarchy_level5": "",
  "producthierarchy_level6": "",
  "producthierarchy_level7": "",
  "currency": "Swiss franc",
  "file_name_1": "138085_1.jpg",
  "image_url_1": "https://sortiment.lidl.ch/media/amasty/amoptmobile/catalog/product/cache/38c728e59b3a47950872534eff8a1e63/1/3/138085_PSXX_1.jpg"
},
{
  "_id": {
    "$oid": "66f3a62bd23ade1eec55fc9e"
  },
  "unique_id": "138084",
  "product_name": "Windeln Midi Gr. 3",
  "brand": "Lupilu",
  "regular_price": 7.69,
  "selling_price": 7.69,
  "price_per_unit": "pro 56 Stück | 1 Stk = 0.14 CHF",
  "breadcrumb": "Sortiment > Sortiment > Windeln Midi Gr. 3",
  "pdp_url": "https://sortiment.lidl.ch/de/windeln-midi-gr-3-0138084",
  "product_description": "Artikelnr.: 138084",
  "producthierarchy_level1": "Sortiment",
  "producthierarchy_level2": "Sortiment",
  "producthierarchy_level3": "Windeln Midi Gr. 3",
  "producthierarchy_level4": "",
  "producthierarchy_level5": "",
  "producthierarchy_level6": "",
  "producthierarchy_level7": "",
  "currency": "Swiss franc",
  "file_name_1": "138084_1.jpg",
  "image_url_1": "https://sortiment.lidl.ch/media/catalog/product/cache/38c728e59b3a47950872534eff8a1e63/1/3/138084_PSXX_1.jpg"
},
{
  "_id": {
    "$oid": "66f3a62cd23ade1eec55fc9f"
  },
  "unique_id": "138082",
  "product_name": "Windeln Mini Gr. 2",
  "brand": "Lupilu",
  "regular_price": 5.79,
  "selling_price": 5.79,
  "price_per_unit": "pro 42 Stück | 1 Stk = 0.14 CHF",
  "breadcrumb": "Sortiment > Sortiment > Windeln Mini Gr. 2",
  "pdp_url": "https://sortiment.lidl.ch/de/windeln-mini-gr-2-0138082",
  "product_description": "Artikelnr.: 138082",
  "producthierarchy_level1": "Sortiment",
  "producthierarchy_level2": "Sortiment",
  "producthierarchy_level3": "Windeln Mini Gr. 2",
  "producthierarchy_level4": "",
  "producthierarchy_level5": "",
  "producthierarchy_level6": "",
  "producthierarchy_level7": "",
  "currency": "Swiss franc",
  "file_name_1": "138082_1.jpg",
  "image_url_1": "https://sortiment.lidl.ch/media/catalog/product/cache/38c728e59b3a47950872534eff8a1e63/1/3/138082_PSXX_1.jpg"
},
{
  "_id": {
    "$oid": "66f3a62dd23ade1eec55fca0"
  },
  "unique_id": "138081",
  "product_name": "Windeln Gr. 1",
  "brand": "Lupilu",
  "regular_price": 3.45,
  "selling_price": 3.45,
  "price_per_unit": "pro 24 Stück | 1 Stk = 0.15 CHF",
  "breadcrumb": "Sortiment > Sortiment > Windeln Gr. 1",
  "pdp_url": "https://sortiment.lidl.ch/de/windeln-gr-1-0138081",
  "product_description": "Artikelnr.: 138081",
  "producthierarchy_level1": "Sortiment",
  "producthierarchy_level2": "Sortiment",
  "producthierarchy_level3": "Windeln Gr. 1",
  "producthierarchy_level4": "",
  "producthierarchy_level5": "",
  "producthierarchy_level6": "",
  "producthierarchy_level7": "",
  "currency": "Swiss franc",
  "file_name_1": "138081_1.jpg",
  "image_url_1": "https://sortiment.lidl.ch/media/amasty/amoptmobile/catalog/product/cache/38c728e59b3a47950872534eff8a1e63/1/3/138081_PSXX.jpg"
},
{
  "_id": {
    "$oid": "66f3a62ed23ade1eec55fca1"
  },
  "unique_id": "155675",
  "product_name": "Farbfangtücher",
  "brand": "Formil",
  "regular_price": 2.85,
  "selling_price": 2.85,
  "price_per_unit": "pro 24 Stück | 1 Stk = 0.12 CHF",
  "breadcrumb": "Sortiment > Sortiment > Farbfangtücher",
  "pdp_url": "https://sortiment.lidl.ch/de/farbfangtuecher-0155675",
  "product_description": "Artikelnr.: 155675",
  "producthierarchy_level1": "Sortiment",
  "producthierarchy_level2": "Sortiment",
  "producthierarchy_level3": "Farbfangtücher",
  "producthierarchy_level4": "",
  "producthierarchy_level5": "",
  "producthierarchy_level6": "",
  "producthierarchy_level7": "",
  "currency": "Swiss franc",
  "file_name_1": "155675_1.jpg",
  "image_url_1": "https://sortiment.lidl.ch/media/catalog/product/cache/38c728e59b3a47950872534eff8a1e63/1/5/155675_PSXX_1.jpg"
},
{
  "_id": {
    "$oid": "66f3a62fd23ade1eec55fca2"
  },
  "unique_id": "152900",
  "product_name": "Lufterfrischer Flakon",
  "brand": "W5",
  "regular_price": 2.89,
  "selling_price": 2.89,
  "price_per_unit": "pro 150ml | 1L = 19.27 CHF",
  "breadcrumb": "Sortiment > Sortiment > Lufterfrischer Flakon",
  "pdp_url": "https://sortiment.lidl.ch/de/lufterfrischer-flakon-0152900",
  "product_description": "Artikelnr.: 152900",
  "producthierarchy_level1": "Sortiment",
  "producthierarchy_level2": "Sortiment",
  "producthierarchy_level3": "Lufterfrischer Flakon",
  "producthierarchy_level4": "",
  "producthierarchy_level5": "",
  "producthierarchy_level6": "",
  "producthierarchy_level7": "",
  "currency": "Swiss franc",
  "file_name_1": "152900_1.jpg",
  "image_url_1": "https://sortiment.lidl.ch/media/catalog/product/cache/38c728e59b3a47950872534eff8a1e63/1/5/152900_Lavender_PSXX_1.jpg",
  "file_name_2": "152900_2.jpg",
  "image_url_2": "https://sortiment.lidl.ch/media/catalog/product/cache/38c728e59b3a47950872534eff8a1e63/1/5/152900_Relaxing_PSXX_1.jpg",
  "file_name_3": "152900_3.jpg",
  "image_url_3": "https://sortiment.lidl.ch/media/catalog/product/cache/38c728e59b3a47950872534eff8a1e63/1/5/152900_Sicilian_PSXX_1.jpg",
  "file_name_4": "152900_4.jpg",
  "image_url_4": "https://sortiment.lidl.ch/media/catalog/product/cache/38c728e59b3a47950872534eff8a1e63/1/5/152900_Vanille_PSXX_1.jpg"
},
{
  "_id": {
    "$oid": "66f3a631d23ade1eec55fca3"
  },
  "unique_id": "151608",
  "product_name": "Raumspray",
  "brand": "W5",
  "regular_price": 1.49,
  "selling_price": 1.49,
  "price_per_unit": "pro 300ml | 1L = 4.97 CHF",
  "breadcrumb": "Sortiment > Sortiment > Raumspray",
  "pdp_url": "https://sortiment.lidl.ch/de/raumspray-0151608",
  "product_description": "Artikelnr.: 151608",
  "producthierarchy_level1": "Sortiment",
  "producthierarchy_level2": "Sortiment",
  "producthierarchy_level3": "Raumspray",
  "producthierarchy_level4": "",
  "producthierarchy_level5": "",
  "producthierarchy_level6": "",
  "producthierarchy_level7": "",
  "currency": "Swiss franc",
  "file_name_1": "151608_1.jpg",
  "image_url_1": "https://sortiment.lidl.ch/media/catalog/product/cache/38c728e59b3a47950872534eff8a1e63/1/5/151608_SoftCottonLinen_PSXX_1.jpg",
  "file_name_2": "151608_2.jpg",
  "image_url_2": "https://sortiment.lidl.ch/media/catalog/product/cache/38c728e59b3a47950872534eff8a1e63/1/5/151608_ZenFlower_PSXX_1.jpg"
},
{
  "_id": {
    "$oid": "66f3a632d23ade1eec55fca4"
  },
  "unique_id": "152987",
  "product_name": "WC-Stein",
  "brand": "W5",
  "regular_price": 3.95,
  "selling_price": 3.95,
  "price_per_unit": "pro 2x48g | 100g = 4.12 CHF",
  "breadcrumb": "Sortiment > Sortiment > WC-Stein",
  "pdp_url": "https://sortiment.lidl.ch/de/wc-stein-0152987",
  "product_description": "Artikelnr.: 152987",
  "producthierarchy_level1": "Sortiment",
  "producthierarchy_level2": "Sortiment",
  "producthierarchy_level3": "WC-Stein",
  "producthierarchy_level4": "",
  "producthierarchy_level5": "",
  "producthierarchy_level6": "",
  "producthierarchy_level7": "",
  "currency": "Swiss franc",
  "file_name_1": "152987_1.jpg",
  "image_url_1": "https://sortiment.lidl.ch/media/catalog/product/cache/38c728e59b3a47950872534eff8a1e63/1/5/152987_Lemon_PSXX.jpg",
  "file_name_2": "152987_2.jpg",
  "image_url_2": "https://sortiment.lidl.ch/media/catalog/product/cache/38c728e59b3a47950872534eff8a1e63/1/5/152987_Ocean_PSXX.jpg"
},
{
  "_id": {
    "$oid": "66f3a633d23ade1eec55fca5"
  },
  "unique_id": "151529",
  "product_name": "Spülmittel-Konzentrat",
  "brand": "W5",
  "regular_price": 0.95,
  "selling_price": 0.95,
  "price_per_unit": "pro 500ml | 1L = 1.90 CHF",
  "breadcrumb": "Sortiment > Sortiment > Spülmittel-Konzentrat",
  "pdp_url": "https://sortiment.lidl.ch/de/spuelmittel-konzentrat-0151529",
  "product_description": "Artikelnr.: 151529",
  "producthierarchy_level1": "Sortiment",
  "producthierarchy_level2": "Sortiment",
  "producthierarchy_level3": "Spülmittel-Konzentrat",
  "producthierarchy_level4": "",
  "producthierarchy_level5": "",
  "producthierarchy_level6": "",
  "producthierarchy_level7": "",
  "currency": "Swiss franc",
  "file_name_1": "151529_1.jpg",
  "image_url_1": "https://sortiment.lidl.ch/media/amasty/amoptmobile/catalog/product/cache/38c728e59b3a47950872534eff8a1e63/1/5/151529_PowerGreen_PSXX_1.jpg",
  "file_name_2": "151529_2.jpg",
  "image_url_2": "https://sortiment.lidl.ch/media/catalog/product/cache/38c728e59b3a47950872534eff8a1e63/1/5/151529_Sanft_Sauber_PSXX_1.jpg",
  "file_name_3": "151529_3.jpg",
  "image_url_3": "https://sortiment.lidl.ch/media/catalog/product/cache/38c728e59b3a47950872534eff8a1e63/1/5/151529_Zitrone_PSXX_1.jpg"
},
{
  "_id": {
    "$oid": "66f3a635d23ade1eec55fca6"
  },
  "unique_id": "47490",
  "product_name": "Destilliertes Wasser",
  "brand": "W5",
  "regular_price": 1.79,
  "selling_price": 1.79,
  "price_per_unit": "pro 3l | 1L = 0.60 CHF",
  "breadcrumb": "Sortiment > Sortiment > Destilliertes Wasser",
  "pdp_url": "https://sortiment.lidl.ch/de/destilliertes-wasser-0047490",
  "product_description": "Artikelnr.: 47490",
  "producthierarchy_level1": "Sortiment",
  "producthierarchy_level2": "Sortiment",
  "producthierarchy_level3": "Destilliertes Wasser",
  "producthierarchy_level4": "",
  "producthierarchy_level5": "",
  "producthierarchy_level6": "",
  "producthierarchy_level7": "",
  "currency": "Swiss franc",
  "file_name_1": "47490_1.jpg",
  "image_url_1": "https://sortiment.lidl.ch/media/catalog/product/cache/38c728e59b3a47950872534eff8a1e63/4/7/47490_PSXX_1.jpg"
},
{
  "_id": {
    "$oid": "66f3a637d23ade1eec55fca7"
  },
  "unique_id": "8213",
  "product_name": "Dettol Desinfektionsreiniger",
  "brand": "Dettol",
  "regular_price": 4.95,
  "selling_price": 4.95,
  "price_per_unit": "pro 750ml | 1L = 6.60 CHF",
  "breadcrumb": "Sortiment > Sortiment > Dettol Desinfektionsreiniger",
  "pdp_url": "https://sortiment.lidl.ch/de/dettol-desinfektionsreiniger-0008213",
  "product_description": "Artikelnr.: 8213",
  "producthierarchy_level1": "Sortiment",
  "producthierarchy_level2": "Sortiment",
  "producthierarchy_level3": "Dettol Desinfektionsreiniger",
  "producthierarchy_level4": "",
  "producthierarchy_level5": "",
  "producthierarchy_level6": "",
  "producthierarchy_level7": "",
  "currency": "Swiss franc",
  "file_name_1": "8213_1.jpg",
  "image_url_1": "https://sortiment.lidl.ch/media/catalog/product/cache/38c728e59b3a47950872534eff8a1e63/8/2/8213_hinweisDE_PSXX.jpg",
  "file_name_2": "8213_2.jpg",
  "image_url_2": "https://sortiment.lidl.ch/media/catalog/product/cache/38c728e59b3a47950872534eff8a1e63/8/2/8213_hinweisFR_PSXX.jpg",
  "file_name_3": "8213_3.jpg",
  "image_url_3": "https://sortiment.lidl.ch/media/catalog/product/cache/38c728e59b3a47950872534eff8a1e63/8/2/8213_hinweisIT_PSXX.jpg"
},
{
  "_id": {
    "$oid": "66f3a638d23ade1eec55fca8"
  },
  "unique_id": "151403",
  "product_name": "Colorwaschmittel",
  "brand": "Formil",
  "regular_price": 9.95,
  "selling_price": 9.95,
  "price_per_unit": "pro 5,2kg | 1Kg = 1.92 CHF",
  "breadcrumb": "Sortiment > Sortiment > Colorwaschmittel",
  "pdp_url": "https://sortiment.lidl.ch/de/colorwaschmittel-0151403",
  "product_description": "Artikelnr.: 151403",
  "producthierarchy_level1": "Sortiment",
  "producthierarchy_level2": "Sortiment",
  "producthierarchy_level3": "Colorwaschmittel",
  "producthierarchy_level4": "",
  "producthierarchy_level5": "",
  "producthierarchy_level6": "",
  "producthierarchy_level7": "",
  "currency": "Swiss franc",
  "file_name_1": "151403_1.jpg",
  "image_url_1": "https://sortiment.lidl.ch/media/catalog/product/cache/38c728e59b3a47950872534eff8a1e63/1/5/151403_PSXXtif.jpg"
},
{
  "_id": {
    "$oid": "66f3a639d23ade1eec55fca9"
  },
  "unique_id": "151398",
  "product_name": "Vollwaschmittel",
  "brand": "Formil",
  "regular_price": 9.95,
  "selling_price": 9.95,
  "price_per_unit": "pro 5,2kg | 1Kg = 1.92 CHF",
  "breadcrumb": "Sortiment > Sortiment > Vollwaschmittel",
  "pdp_url": "https://sortiment.lidl.ch/de/vollwaschmittel-0151398",
  "product_description": "Artikelnr.: 151398",
  "producthierarchy_level1": "Sortiment",
  "producthierarchy_level2": "Sortiment",
  "producthierarchy_level3": "Vollwaschmittel",
  "producthierarchy_level4": "",
  "producthierarchy_level5": "",
  "producthierarchy_level6": "",
  "producthierarchy_level7": "",
  "currency": "Swiss franc",
  "file_name_1": "151398_1.jpg",
  "image_url_1": "https://sortiment.lidl.ch/media/catalog/product/cache/38c728e59b3a47950872534eff8a1e63/1/5/151398_PSXX_1.jpg"
},
{
  "_id": {
    "$oid": "66f3a63ad23ade1eec55fcaa"
  },
  "unique_id": "2396",
  "product_name": "Signal Zahnpasta White Now",
  "brand": "Signal",
  "regular_price": 4.89,
  "selling_price": 4.89,
  "price_per_unit": "pro 75ml | 100ML = 6.52 CHF",
  "breadcrumb": "Sortiment > Sortiment > Signal Zahnpasta White Now",
  "pdp_url": "https://sortiment.lidl.ch/de/signal-zahnpasta-white-now-0002396",
  "product_description": "Artikelnr.: 2396",
  "producthierarchy_level1": "Sortiment",
  "producthierarchy_level2": "Sortiment",
  "producthierarchy_level3": "Signal Zahnpasta White Now",
  "producthierarchy_level4": "",
  "producthierarchy_level5": "",
  "producthierarchy_level6": "",
  "producthierarchy_level7": "",
  "currency": "Swiss franc",
  "file_name_1": "2396_1.jpg",
  "image_url_1": "https://sortiment.lidl.ch/media/catalog/product/cache/38c728e59b3a47950872534eff8a1e63/2/3/2396_PSXX_1.jpg"
},
{
  "_id": {
    "$oid": "66f3a63bd23ade1eec55fcab"
  },
  "unique_id": "153751",
  "product_name": "Eau de Toilette",
  "brand": "G. Bellini",
  "regular_price": 7.49,
  "selling_price": 7.49,
  "price_per_unit": "pro 75ml | 100ML = 9.99 CHF",
  "breadcrumb": "Sortiment > Sortiment > Eau de Toilette",
  "pdp_url": "https://sortiment.lidl.ch/de/eau-de-toilette-0153751",
  "product_description": "Artikelnr.: 153751",
  "producthierarchy_level1": "Sortiment",
  "producthierarchy_level2": "Sortiment",
  "producthierarchy_level3": "Eau de Toilette",
  "producthierarchy_level4": "",
  "producthierarchy_level5": "",
  "producthierarchy_level6": "",
  "producthierarchy_level7": "",
  "currency": "Swiss franc",
  "file_name_1": "153751_1.jpg",
  "image_url_1": "https://sortiment.lidl.ch/media/amasty/amoptmobile/catalog/product/cache/38c728e59b3a47950872534eff8a1e63/1/5/153751_Deep_PSXX_1.jpg",
  "file_name_2": "153751_2.jpg",
  "image_url_2": "https://sortiment.lidl.ch/media/catalog/product/cache/38c728e59b3a47950872534eff8a1e63/1/5/153751_Fragrance_PSXX_1.jpg",
  "file_name_3": "153751_3.jpg",
  "image_url_3": "https://sortiment.lidl.ch/media/catalog/product/cache/38c728e59b3a47950872534eff8a1e63/1/5/153751_Homme_PSXX_1.jpg",
  "file_name_4": "153751_4.jpg",
  "image_url_4": "https://sortiment.lidl.ch/media/catalog/product/cache/38c728e59b3a47950872534eff8a1e63/1/5/153751_XBolt_PSXX_1.jpg"
},
{
  "_id": {
    "$oid": "66f3a63cd23ade1eec55fcac"
  },
  "unique_id": "153747",
  "product_name": "Eau de Parfum",
  "brand": "Suddenly",
  "regular_price": 6.29,
  "selling_price": 6.29,
  "price_per_unit": "pro 75ml | 100ML = 8.39 CHF",
  "breadcrumb": "Sortiment > Sortiment > Eau de Parfum",
  "pdp_url": "https://sortiment.lidl.ch/de/eau-de-parfum-0153747",
  "product_description": "Artikelnr.: 153747",
  "producthierarchy_level1": "Sortiment",
  "producthierarchy_level2": "Sortiment",
  "producthierarchy_level3": "Eau de Parfum",
  "producthierarchy_level4": "",
  "producthierarchy_level5": "",
  "producthierarchy_level6": "",
  "producthierarchy_level7": "",
  "currency": "Swiss franc",
  "file_name_1": "153747_1.jpg",
  "image_url_1": "https://sortiment.lidl.ch/media/catalog/product/cache/38c728e59b3a47950872534eff8a1e63/1/5/153747_PSXX_1.jpg"
},
{
  "_id": {
    "$oid": "66f3a63ed23ade1eec55fcad"
  },
  "unique_id": "8048",
  "product_name": "Dettol Flüssigseife No-Touch",
  "brand": "Dettol",
  "regular_price": 4.95,
  "selling_price": 4.95,
  "price_per_unit": "pro 250ml | 100ML = 1.98 CHF",
  "breadcrumb": "Sortiment > Sortiment > Dettol Flüssigseife No-Touch",
  "pdp_url": "https://sortiment.lidl.ch/de/dettol-fluessigseife-no-touch-0008048",
  "product_description": "Artikelnr.: 8048",
  "producthierarchy_level1": "Sortiment",
  "producthierarchy_level2": "Sortiment",
  "producthierarchy_level3": "Dettol Flüssigseife No-Touch",
  "producthierarchy_level4": "",
  "producthierarchy_level5": "",
  "producthierarchy_level6": "",
  "producthierarchy_level7": "",
  "currency": "Swiss franc",
  "file_name_1": "8048_1.jpg",
  "image_url_1": "https://sortiment.lidl.ch/media/catalog/product/cache/38c728e59b3a47950872534eff8a1e63/8/0/8048_Aloe_Vera_DE_PSXX.jpg",
  "file_name_2": "8048_2.jpg",
  "image_url_2": "https://sortiment.lidl.ch/media/catalog/product/cache/38c728e59b3a47950872534eff8a1e63/8/0/8048_Aloe_Vera_FR_PSXX.jpg",
  "file_name_3": "8048_3.jpg",
  "image_url_3": "https://sortiment.lidl.ch/media/catalog/product/cache/38c728e59b3a47950872534eff8a1e63/8/0/8048_Aloe_Vera_IT_PSXX.jpg"
},
{
  "_id": {
    "$oid": "66f3a63fd23ade1eec55fcae"
  },
  "unique_id": "74306",
  "product_name": "Schlecksnack für Katzen",
  "brand": "Coshida",
  "regular_price": 2.65,
  "selling_price": 2.65,
  "price_per_unit": "pro 112g | 100g = 2.37 CHF",
  "breadcrumb": "Sortiment > Sortiment > Schlecksnack für Katzen",
  "pdp_url": "https://sortiment.lidl.ch/de/schlecksnack-fuer-katzen-0074306",
  "product_description": "Artikelnr.: 74306",
  "producthierarchy_level1": "Sortiment",
  "producthierarchy_level2": "Sortiment",
  "producthierarchy_level3": "Schlecksnack für Katzen",
  "producthierarchy_level4": "",
  "producthierarchy_level5": "",
  "producthierarchy_level6": "",
  "producthierarchy_level7": "",
  "currency": "Swiss franc",
  "file_name_1": "74306_1.jpg",
  "image_url_1": "https://sortiment.lidl.ch/media/catalog/product/cache/38c728e59b3a47950872534eff8a1e63/7/4/74306_PSXX_1.jpg"
},
{
  "_id": {
    "$oid": "66f3a642d23ade1eec55fcaf"
  },
  "unique_id": "145636",
  "product_name": "Laugenbrezel",
  "brand": "",
  "regular_price": 0.75,
  "selling_price": 0.75,
  "price_per_unit": "pro 100g",
  "breadcrumb": "Sortiment > Sortiment > Laugenbrezel",
  "pdp_url": "https://sortiment.lidl.ch/de/laugenbrezel-0145636",
  "product_description": "Artikelnr.: 145636 Laugengebäck. Zutaten: 76% Weizenmehl , Wasser, Hefe, Rapsöl, Speisesalz, Stabilisator: Guarkernmehl,  Dextrose, Emulgator: Mono-und Diacetylweinsäureester von Mono- und Diglyceriden von Speisefettsäuren, Weizenmalzmehl , Säureregulator: Natriumhydroxid. Kann Spuren von Eiern, Erdnüssen, Soja, Milch, Schalenfrüchte (Nüsse), Sellerie, Senf, Sesam und Sulfiten enthalten .  Hergestellt in Deutschland.",
  "producthierarchy_level1": "Sortiment",
  "producthierarchy_level2": "Sortiment",
  "producthierarchy_level3": "Laugenbrezel",
  "producthierarchy_level4": "",
  "producthierarchy_level5": "",
  "producthierarchy_level6": "",
  "producthierarchy_level7": "",
  "currency": "Swiss franc",
  "file_name_1": "145636_1.jpg",
  "image_url_1": "https://sortiment.lidl.ch/media/catalog/product/cache/38c728e59b3a47950872534eff8a1e63/1/4/145636_FKBF_1.jpg"
},
{
  "_id": {
    "$oid": "66f3a643d23ade1eec55fcb0"
  },
  "unique_id": "128975",
  "product_name": "Baguettine",
  "brand": "",
  "regular_price": 0.99,
  "selling_price": 0.99,
  "price_per_unit": "pro 127g | 100g = 0.78 CHF",
  "breadcrumb": "Sortiment > Sortiment > Baguettine",
  "pdp_url": "https://sortiment.lidl.ch/de/baguettine-0128975",
  "product_description": "Artikelnr.: 128975 Halbes rustikales  Baguette Zutaten: 57% Weizenmehl , Wasser, Hefe, Speisesalz, Weizengluten, Weizenmalzmehl, deaktivierte Hefe, Mehlbehandlungsmittel: Ascorbinsäure. Kann Spuren von Ei, Erdnüsse, Soja, Milch, Schalenfrüchte (Nüsse), Sellerie, Senf, Sesam und Sulfiten enthalten . Hergestellt in Frankreich.",
  "producthierarchy_level1": "Sortiment",
  "producthierarchy_level2": "Sortiment",
  "producthierarchy_level3": "Baguettine",
  "producthierarchy_level4": "",
  "producthierarchy_level5": "",
  "producthierarchy_level6": "",
  "producthierarchy_level7": "",
  "currency": "Swiss franc",
  "file_name_1": "128975_1.jpg",
  "image_url_1": "https://sortiment.lidl.ch/media/catalog/product/cache/38c728e59b3a47950872534eff8a1e63/1/2/128975_FKBF_1.jpg"
},
{
  "_id": {
    "$oid": "66f3a644d23ade1eec55fcb1"
  },
  "unique_id": "5109368",
  "product_name": "Bio UrDinkel Krustenbaguette",
  "brand": "",
  "regular_price": 3.99,
  "selling_price": 3.99,
  "price_per_unit": "pro 390g | 100g = 1.03 CHF",
  "breadcrumb": "Sortiment > Sortiment > Bio UrDinkel Krustenbaguette",
  "pdp_url": "https://sortiment.lidl.ch/de/bio-urdinkel-krustenbaguette-5109368",
  "product_description": "Artikelnr.: 5109368 Bio UrDinkel Krustenbaguette Zutaten: 53,5% UrDinkelmehl1 , Wasser, 2,5% UrDinkelschrot1 , Speisesalz, 1% Rapsöl1, Backhefe1, UrDinkelsauerteig1 getrocknet , UrDinkel1 geröstet, UrDinkel1 , Meersalz, Dinkelvollkornsauerteig1 getrocknet, Glukose1 getrocknet, Acerolapulver (Acerola1, Trägerstoffe: Maltodextrin1, Maniokstärke1) .  1aus biologischer Landwirtschaft. Kann Spuren von Ei, Erdnüsse, Soja, Milch, Schalenfrüchte (Nüsse), Sellerie, Senf, Sesam und Sulfiten enthalten .  ProCert, Hergestellt in der Schweiz.",
  "producthierarchy_level1": "Sortiment",
  "producthierarchy_level2": "Sortiment",
  "producthierarchy_level3": "Bio UrDinkel Krustenbaguette",
  "producthierarchy_level4": "",
  "producthierarchy_level5": "",
  "producthierarchy_level6": "",
  "producthierarchy_level7": "",
  "currency": "Swiss franc",
  "file_name_1": "5109368_1.jpg",
  "image_url_1": "https://sortiment.lidl.ch/media/catalog/product/cache/38c728e59b3a47950872534eff8a1e63/5/1/5109368_FKBF_1.jpg"
},
{
  "_id": {
    "$oid": "66f3a645d23ade1eec55fcb2"
  },
  "unique_id": "143895",
  "product_name": "Mini Kuchen",
  "brand": "Confiserie Firenze",
  "regular_price": 2.99,
  "selling_price": 2.99,
  "price_per_unit": "pro 8x35g | 100g = 1.07 CHF",
  "breadcrumb": "Sortiment > Sortiment > Mini Kuchen",
  "pdp_url": "https://sortiment.lidl.ch/de/mini-kuchen-0143895",
  "product_description": "Artikelnr.: 143895",
  "producthierarchy_level1": "Sortiment",
  "producthierarchy_level2": "Sortiment",
  "producthierarchy_level3": "Mini Kuchen",
  "producthierarchy_level4": "",
  "producthierarchy_level5": "",
  "producthierarchy_level6": "",
  "producthierarchy_level7": "",
  "currency": "Swiss franc",
  "file_name_1": "143895_1.jpg",
  "image_url_1": "https://sortiment.lidl.ch/media/catalog/product/cache/38c728e59b3a47950872534eff8a1e63/1/4/143895_Marmor_PSXX_1.jpg",
  "file_name_2": "143895_2.jpg",
  "image_url_2": "https://sortiment.lidl.ch/media/catalog/product/cache/38c728e59b3a47950872534eff8a1e63/1/4/143895_Zitrone_PSXX_1.jpg"
},
{
  "_id": {
    "$oid": "66f3a646d23ade1eec55fcb3"
  },
  "unique_id": "116315",
  "product_name": "Cake",
  "brand": "Confiserie Firenze",
  "regular_price": 2.49,
  "selling_price": 2.49,
  "price_per_unit": "pro 300g | 100g = 0.83 CHF",
  "breadcrumb": "Sortiment > Sortiment > Cake",
  "pdp_url": "https://sortiment.lidl.ch/de/cake-0116315",
  "product_description": "Artikelnr.: 116315",
  "producthierarchy_level1": "Sortiment",
  "producthierarchy_level2": "Sortiment",
  "producthierarchy_level3": "Cake",
  "producthierarchy_level4": "",
  "producthierarchy_level5": "",
  "producthierarchy_level6": "",
  "producthierarchy_level7": "",
  "currency": "Swiss franc",
  "file_name_1": "116315_1.jpg",
  "image_url_1": "https://sortiment.lidl.ch/media/catalog/product/cache/38c728e59b3a47950872534eff8a1e63/1/1/116315_Marmor_PSXX.jpg",
  "file_name_2": "116315_2.jpg",
  "image_url_2": "https://sortiment.lidl.ch/media/catalog/product/cache/38c728e59b3a47950872534eff8a1e63/1/1/116315_Schoko_PSXX_1.jpg",
  "file_name_3": "116315_3.jpg",
  "image_url_3": "https://sortiment.lidl.ch/media/catalog/product/cache/38c728e59b3a47950872534eff8a1e63/1/1/116315_Schokolade_PSXX.jpg",
  "file_name_4": "116315_4.jpg",
  "image_url_4": "https://sortiment.lidl.ch/media/catalog/product/cache/38c728e59b3a47950872534eff8a1e63/1/1/116315_Zitrone_PSXX_1.jpg"
},
{
  "_id": {
    "$oid": "66f3a647d23ade1eec55fcb4"
  },
  "unique_id": "21042",
  "product_name": "Gugelhopf",
  "brand": "Confiserie Firenze",
  "regular_price": 2.49,
  "selling_price": 2.49,
  "price_per_unit": "pro 500g | 100g = 0.50 CHF",
  "breadcrumb": "Sortiment > Sortiment > Gugelhopf",
  "pdp_url": "https://sortiment.lidl.ch/de/gugelhopf-0021042",
  "product_description": "Artikelnr.: 21042",
  "producthierarchy_level1": "Sortiment",
  "producthierarchy_level2": "Sortiment",
  "producthierarchy_level3": "Gugelhopf",
  "producthierarchy_level4": "",
  "producthierarchy_level5": "",
  "producthierarchy_level6": "",
  "producthierarchy_level7": "",
  "currency": "Swiss franc",
  "file_name_1": "21042_1.jpg",
  "image_url_1": "https://sortiment.lidl.ch/media/catalog/product/cache/38c728e59b3a47950872534eff8a1e63/2/1/21042_Marmor_PSXX_1.jpg",
  "file_name_2": "21042_2.jpg",
  "image_url_2": "https://sortiment.lidl.ch/media/catalog/product/cache/38c728e59b3a47950872534eff8a1e63/2/1/21042_Vanille_PSXX.jpg"
},
{
  "_id": {
    "$oid": "66f3a648d23ade1eec55fcb5"
  },
  "unique_id": "124645",
  "product_name": "Milch-Brötchen",
  "brand": "Maître Jean Pierre",
  "regular_price": 2.69,
  "selling_price": 2.69,
  "price_per_unit": "pro 480g | 100g = 0.57 CHF",
  "breadcrumb": "Sortiment > Sortiment > Milch-Brötchen",
  "pdp_url": "https://sortiment.lidl.ch/de/milch-broetchen-0124645",
  "product_description": "Artikelnr.: 124645",
  "producthierarchy_level1": "Sortiment",
  "producthierarchy_level2": "Sortiment",
  "producthierarchy_level3": "Milch-Brötchen",
  "producthierarchy_level4": "",
  "producthierarchy_level5": "",
  "producthierarchy_level6": "",
  "producthierarchy_level7": "",
  "currency": "Swiss franc",
  "file_name_1": "124645_1.jpg",
  "image_url_1": "https://sortiment.lidl.ch/media/catalog/product/cache/38c728e59b3a47950872534eff8a1e63/1/2/124645_01_PSXX.jpg"
},
{
  "_id": {
    "$oid": "66f3a649d23ade1eec55fcb6"
  },
  "unique_id": "140184",
  "product_name": "Weizenbrot American Style",
  "brand": "Tastino",
  "regular_price": 1.49,
  "selling_price": 1.49,
  "price_per_unit": "pro 375g | 100g = 0.40 CHF",
  "breadcrumb": "Sortiment > Sortiment > Weizenbrot American Style",
  "pdp_url": "https://sortiment.lidl.ch/de/weizenbrot-american-style-0140184",
  "product_description": "Artikelnr.: 140184",
  "producthierarchy_level1": "Sortiment",
  "producthierarchy_level2": "Sortiment",
  "producthierarchy_level3": "Weizenbrot American Style",
  "producthierarchy_level4": "",
  "producthierarchy_level5": "",
  "producthierarchy_level6": "",
  "producthierarchy_level7": "",
  "currency": "Swiss franc",
  "file_name_1": "140184_1.jpg",
  "image_url_1": "https://sortiment.lidl.ch/media/catalog/product/cache/38c728e59b3a47950872534eff8a1e63/1/4/140184_Mehrkornbrot_PSXX_1.jpg",
  "file_name_2": "140184_2.jpg",
  "image_url_2": "https://sortiment.lidl.ch/media/catalog/product/cache/38c728e59b3a47950872534eff8a1e63/1/4/140184_Weizenbrot_PSXX_1.jpg"
},
{
  "_id": {
    "$oid": "66f3a64ad23ade1eec55fcb7"
  },
  "unique_id": "138779",
  "product_name": "Weizentoast",
  "brand": "Tastino",
  "regular_price": 1.19,
  "selling_price": 1.19,
  "price_per_unit": "pro 500g | 100g = 0.24 CHF",
  "breadcrumb": "Sortiment > Sortiment > Weizentoast",
  "pdp_url": "https://sortiment.lidl.ch/de/weizentoast-0138779",
  "product_description": "Artikelnr.: 138779",
  "producthierarchy_level1": "Sortiment",
  "producthierarchy_level2": "Sortiment",
  "producthierarchy_level3": "Weizentoast",
  "producthierarchy_level4": "",
  "producthierarchy_level5": "",
  "producthierarchy_level6": "",
  "producthierarchy_level7": "",
  "currency": "Swiss franc",
  "file_name_1": "138779_1.jpg",
  "image_url_1": "https://sortiment.lidl.ch/media/catalog/product/cache/38c728e59b3a47950872534eff8a1e63/1/3/138779_PSXX_1.jpg"
},
{
  "_id": {
    "$oid": "66f3a64cd23ade1eec55fcb8"
  },
  "unique_id": "99293",
  "product_name": "Vital & Fit Balance Brot",
  "brand": "Grafschafter",
  "regular_price": 1.99,
  "selling_price": 1.99,
  "price_per_unit": "pro 500g | 100g = 0.40 CHF",
  "breadcrumb": "Sortiment > Sortiment > Vital & Fit Balance Brot",
  "pdp_url": "https://sortiment.lidl.ch/de/vital-fit-balance-brot-0099293",
  "product_description": "Artikelnr.: 99293",
  "producthierarchy_level1": "Sortiment",
  "producthierarchy_level2": "Sortiment",
  "producthierarchy_level3": "Vital & Fit Balance Brot",
  "producthierarchy_level4": "",
  "producthierarchy_level5": "",
  "producthierarchy_level6": "",
  "producthierarchy_level7": "",
  "currency": "Swiss franc",
  "file_name_1": "99293_1.jpg",
  "image_url_1": "https://sortiment.lidl.ch/media/catalog/product/cache/38c728e59b3a47950872534eff8a1e63/9/9/99293_PSXX_1.jpg"
},
{
  "_id": {
    "$oid": "66f3a64dd23ade1eec55fcb9"
  },
  "unique_id": "21322",
  "product_name": "Vollkorntoast",
  "brand": "Tastino",
  "regular_price": 1.19,
  "selling_price": 1.19,
  "price_per_unit": "pro 500g | 100g = 0.24 CHF",
  "breadcrumb": "Sortiment > Sortiment > Vollkorntoast",
  "pdp_url": "https://sortiment.lidl.ch/de/vollkorntoast-0021322",
  "product_description": "Artikelnr.: 21322",
  "producthierarchy_level1": "Sortiment",
  "producthierarchy_level2": "Sortiment",
  "producthierarchy_level3": "Vollkorntoast",
  "producthierarchy_level4": "",
  "producthierarchy_level5": "",
  "producthierarchy_level6": "",
  "producthierarchy_level7": "",
  "currency": "Swiss franc",
  "file_name_1": "21322_1.jpg",
  "image_url_1": "https://sortiment.lidl.ch/media/catalog/product/cache/38c728e59b3a47950872534eff8a1e63/2/1/21322_PSXX_1.jpg"
},
{
  "_id": {
    "$oid": "66f3a64ed23ade1eec55fcba"
  },
  "unique_id": "151933",
  "product_name": "Kaugummi Dragées zuckerfrei",
  "brand": "Jetgum",
  "regular_price": 1.99,
  "selling_price": 1.99,
  "price_per_unit": "pro 70g | 100g = 2.85 CHF",
  "breadcrumb": "Sortiment > Sortiment > Kaugummi Dragées zuckerfrei",
  "pdp_url": "https://sortiment.lidl.ch/de/kaugummi-dragees-zuckerfrei-0151933",
  "product_description": "Artikelnr.: 151933",
  "producthierarchy_level1": "Sortiment",
  "producthierarchy_level2": "Sortiment",
  "producthierarchy_level3": "Kaugummi Dragées zuckerfrei",
  "producthierarchy_level4": "",
  "producthierarchy_level5": "",
  "producthierarchy_level6": "",
  "producthierarchy_level7": "",
  "currency": "Swiss franc",
  "file_name_1": "151933_1.jpg",
  "image_url_1": "https://sortiment.lidl.ch/media/catalog/product/cache/38c728e59b3a47950872534eff8a1e63/1/5/151933_BubbleGum_PSXX.jpg",
  "file_name_2": "151933_2.jpg",
  "image_url_2": "https://sortiment.lidl.ch/media/catalog/product/cache/38c728e59b3a47950872534eff8a1e63/1/5/151933_Lemon_PSXX.jpg",
  "file_name_3": "151933_3.jpg",
  "image_url_3": "https://sortiment.lidl.ch/media/catalog/product/cache/38c728e59b3a47950872534eff8a1e63/1/5/151933_Mint_PSXX.jpg",
  "file_name_4": "151933_4.jpg",
  "image_url_4": "https://sortiment.lidl.ch/media/catalog/product/cache/38c728e59b3a47950872534eff8a1e63/1/5/151933_White_PSXX.jpg"
},
{
  "_id": {
    "$oid": "66f3a650d23ade1eec55fcbb"
  },
  "unique_id": "5354",
  "product_name": "Stimorol Kaugummi",
  "brand": "Stimorol",
  "regular_price": 4.95,
  "selling_price": 4.95,
  "price_per_unit": "pro 98g | 100g = 5.06 CHF",
  "breadcrumb": "Sortiment > Sortiment > Stimorol Kaugummi",
  "pdp_url": "https://sortiment.lidl.ch/de/stimorol-kaugummi-0005354",
  "product_description": "Artikelnr.: 5354",
  "producthierarchy_level1": "Sortiment",
  "producthierarchy_level2": "Sortiment",
  "producthierarchy_level3": "Stimorol Kaugummi",
  "producthierarchy_level4": "",
  "producthierarchy_level5": "",
  "producthierarchy_level6": "",
  "producthierarchy_level7": "",
  "currency": "Swiss franc",
  "file_name_1": "5354_1.jpg",
  "image_url_1": "https://sortiment.lidl.ch/media/catalog/product/cache/38c728e59b3a47950872534eff8a1e63/5/3/5354_Bubblemint_PSXX_1.jpg",
  "file_name_2": "5354_2.jpg",
  "image_url_2": "https://sortiment.lidl.ch/media/catalog/product/cache/38c728e59b3a47950872534eff8a1e63/5/3/5354_Peppermint_PSXX_1.jpg",
  "file_name_3": "5354_3.jpg",
  "image_url_3": "https://sortiment.lidl.ch/media/catalog/product/cache/38c728e59b3a47950872534eff8a1e63/5/3/5354_Spearmint_PSXX_1.jpg",
  "file_name_4": "5354_4.jpg",
  "image_url_4": "https://sortiment.lidl.ch/media/catalog/product/cache/38c728e59b3a47950872534eff8a1e63/5/3/5354_WildCherry_PSXX_1.jpg"
},
{
  "_id": {
    "$oid": "66f3a651d23ade1eec55fcbc"
  },
  "unique_id": "5332",
  "product_name": "Stimorol Kaugummi",
  "brand": "Stimorol",
  "regular_price": 5.35,
  "selling_price": 5.35,
  "price_per_unit": "pro 87g | 100g = 6.15 CHF",
  "breadcrumb": "Sortiment > Sortiment > Stimorol Kaugummi",
  "pdp_url": "https://sortiment.lidl.ch/de/stimorol-kaugummi-0005332",
  "product_description": "Artikelnr.: 5332",
  "producthierarchy_level1": "Sortiment",
  "producthierarchy_level2": "Sortiment",
  "producthierarchy_level3": "Stimorol Kaugummi",
  "producthierarchy_level4": "",
  "producthierarchy_level5": "",
  "producthierarchy_level6": "",
  "producthierarchy_level7": "",
  "currency": "Swiss franc",
  "file_name_1": "5332_1.jpg",
  "image_url_1": "https://sortiment.lidl.ch/media/catalog/product/cache/38c728e59b3a47950872534eff8a1e63/5/3/5332_Bubblemint_PSXX_1.jpg",
  "file_name_2": "5332_2.jpg",
  "image_url_2": "https://sortiment.lidl.ch/media/catalog/product/cache/38c728e59b3a47950872534eff8a1e63/5/3/5332_Spearmint_PSXX_1.jpg",
  "file_name_3": "5332_3.jpg",
  "image_url_3": "https://sortiment.lidl.ch/media/catalog/product/cache/38c728e59b3a47950872534eff8a1e63/5/3/5332_WildCherry_PSXX_1.jpg"
},
{
  "_id": {
    "$oid": "66f3a652d23ade1eec55fcbd"
  },
  "unique_id": "133898",
  "product_name": "Fruchtgummi Frösche",
  "brand": "Sweet Corner",
  "regular_price": 1.95,
  "selling_price": 1.95,
  "price_per_unit": "pro 300g | 100g = 0.65 CHF",
  "breadcrumb": "Sortiment > Sortiment > Fruchtgummi Frösche",
  "pdp_url": "https://sortiment.lidl.ch/de/fruchtgummi-froesche-0133898",
  "product_description": "Artikelnr.: 133898",
  "producthierarchy_level1": "Sortiment",
  "producthierarchy_level2": "Sortiment",
  "producthierarchy_level3": "Fruchtgummi Frösche",
  "producthierarchy_level4": "",
  "producthierarchy_level5": "",
  "producthierarchy_level6": "",
  "producthierarchy_level7": "",
  "currency": "Swiss franc",
  "file_name_1": "133898_1.jpg",
  "image_url_1": "https://sortiment.lidl.ch/media/catalog/product/cache/38c728e59b3a47950872534eff8a1e63/1/3/133898_PSXX.jpg"
},
{
  "_id": {
    "$oid": "66f3a653d23ade1eec55fcbe"
  },
  "unique_id": "140136",
  "product_name": "Happy Bears",
  "brand": "Sweet Corner",
  "regular_price": 1.29,
  "selling_price": 1.29,
  "price_per_unit": "pro 300g | 100g = 0.43 CHF",
  "breadcrumb": "Sortiment > Sortiment > Happy Bears",
  "pdp_url": "https://sortiment.lidl.ch/de/happy-bears-0140136",
  "product_description": "Artikelnr.: 140136",
  "producthierarchy_level1": "Sortiment",
  "producthierarchy_level2": "Sortiment",
  "producthierarchy_level3": "Happy Bears",
  "producthierarchy_level4": "",
  "producthierarchy_level5": "",
  "producthierarchy_level6": "",
  "producthierarchy_level7": "",
  "currency": "Swiss franc",
  "file_name_1": "140136_1.jpg",
  "image_url_1": "https://sortiment.lidl.ch/media/amasty/amoptmobile/catalog/product/cache/38c728e59b3a47950872534eff8a1e63/1/4/140136_PSXX_1.jpg"
},
{
  "_id": {
    "$oid": "66f3a655d23ade1eec55fcbf"
  },
  "unique_id": "48398",
  "product_name": "Fisherman's Friend Pastillen",
  "brand": "Fisherman's Friend",
  "regular_price": 5.37,
  "selling_price": 3.58,
  "price_per_unit": "pro 25g | LP 100g = 14.32 CHF",
  "breadcrumb": "Sortiment > Sortiment > Fisherman's Friend Pastillen",
  "pdp_url": "https://sortiment.lidl.ch/de/fisherman-s-friend-pastillen-0048398",
  "product_description": "Artikelnr.: 48398",
  "producthierarchy_level1": "Sortiment",
  "producthierarchy_level2": "Sortiment",
  "producthierarchy_level3": "Fisherman's Friend Pastillen",
  "producthierarchy_level4": "",
  "producthierarchy_level5": "",
  "producthierarchy_level6": "",
  "producthierarchy_level7": "",
  "currency": "Swiss franc",
  "file_name_1": "48398_1.jpg",
  "image_url_1": "https://sortiment.lidl.ch/media/catalog/product/cache/38c728e59b3a47950872534eff8a1e63/4/8/48398_Cherry_PSXX_1.jpg",
  "file_name_2": "48398_2.jpg",
  "image_url_2": "https://sortiment.lidl.ch/media/catalog/product/cache/38c728e59b3a47950872534eff8a1e63/4/8/48398_lemon_PSXX.jpg",
  "file_name_3": "48398_3.jpg",
  "image_url_3": "https://sortiment.lidl.ch/media/catalog/product/cache/38c728e59b3a47950872534eff8a1e63/4/8/48398_mint_PSXX.jpg",
  "file_name_4": "48398_4.jpg",
  "image_url_4": "https://sortiment.lidl.ch/media/catalog/product/cache/38c728e59b3a47950872534eff8a1e63/4/8/48398_raspberry_PSXX.jpg",
  "file_name_5": "48398_5.jpg",
  "image_url_5": "https://sortiment.lidl.ch/media/catalog/product/cache/38c728e59b3a47950872534eff8a1e63/4/8/48398_spearmint_PSXX.jpg"
},
{
  "_id": {
    "$oid": "66f3a656d23ade1eec55fcc0"
  },
  "unique_id": "40024",
  "product_name": "Fritt Kaubonbons",
  "brand": "Fritt",
  "regular_price": 1.25,
  "selling_price": 1.25,
  "price_per_unit": "pro 70g | 100g = 1.79 CHF",
  "breadcrumb": "Sortiment > Sortiment > Fritt Kaubonbons",
  "pdp_url": "https://sortiment.lidl.ch/de/fritt-kaubonbons-0040024",
  "product_description": "Artikelnr.: 40024",
  "producthierarchy_level1": "Sortiment",
  "producthierarchy_level2": "Sortiment",
  "producthierarchy_level3": "Fritt Kaubonbons",
  "producthierarchy_level4": "",
  "producthierarchy_level5": "",
  "producthierarchy_level6": "",
  "producthierarchy_level7": "",
  "currency": "Swiss franc",
  "file_name_1": "40024_1.jpg",
  "image_url_1": "https://sortiment.lidl.ch/media/catalog/product/cache/38c728e59b3a47950872534eff8a1e63/4/0/40024_Cherry_PSXX.jpg",
  "file_name_2": "40024_2.jpg",
  "image_url_2": "https://sortiment.lidl.ch/media/catalog/product/cache/38c728e59b3a47950872534eff8a1e63/4/0/40024_Grapefruit_PSXX.jpg",
  "file_name_3": "40024_3.jpg",
  "image_url_3": "https://sortiment.lidl.ch/media/catalog/product/cache/38c728e59b3a47950872534eff8a1e63/4/0/40024_PSXX_1.jpg",
  "file_name_4": "40024_4.jpg",
  "image_url_4": "https://sortiment.lidl.ch/media/catalog/product/cache/38c728e59b3a47950872534eff8a1e63/4/0/40024_Raspberry_PSXX.jpg"
},
{
  "_id": {
    "$oid": "66f3a657d23ade1eec55fcc1"
  },
  "unique_id": "38385",
  "product_name": "Toffees Schoko / Toffees",
  "brand": "Sweet Corner",
  "regular_price": 2.95,
  "selling_price": 2.95,
  "price_per_unit": "pro 400g, 600g | 100g = 0.74, 0.50 CHF",
  "breadcrumb": "Sortiment > Sortiment > Toffees Schoko / Toffees",
  "pdp_url": "https://sortiment.lidl.ch/de/toffees-schoko-toffees-0038385",
  "product_description": "Artikelnr.: 38385",
  "producthierarchy_level1": "Sortiment",
  "producthierarchy_level2": "Sortiment",
  "producthierarchy_level3": "Toffees Schoko / Toffees",
  "producthierarchy_level4": "",
  "producthierarchy_level5": "",
  "producthierarchy_level6": "",
  "producthierarchy_level7": "",
  "currency": "Swiss franc",
  "file_name_1": "38385_1.jpg",
  "image_url_1": "https://sortiment.lidl.ch/media/catalog/product/cache/38c728e59b3a47950872534eff8a1e63/3/8/38385_Chocolate_PSXX.jpg",
  "file_name_2": "38385_2.jpg",
  "image_url_2": "https://sortiment.lidl.ch/media/catalog/product/cache/38c728e59b3a47950872534eff8a1e63/3/8/38385_PSXX_1.jpg",
  "file_name_3": "38385_3.jpg",
  "image_url_3": "https://sortiment.lidl.ch/media/catalog/product/cache/38c728e59b3a47950872534eff8a1e63/3/8/38385_Selection_PSXX.jpg"
},
{
  "_id": {
    "$oid": "66f3a658d23ade1eec55fcc2"
  },
  "unique_id": "3234",
  "product_name": "Hosta Nippon Häppchen",
  "brand": "Hosta",
  "regular_price": 1.89,
  "selling_price": 1.89,
  "price_per_unit": "pro 200g | 100g = 0.95 CHF",
  "breadcrumb": "Sortiment > Sortiment > Hosta Nippon Häppchen",
  "pdp_url": "https://sortiment.lidl.ch/de/hosta-nippon-haeppchen-0003234",
  "product_description": "Artikelnr.: 3234",
  "producthierarchy_level1": "Sortiment",
  "producthierarchy_level2": "Sortiment",
  "producthierarchy_level3": "Hosta Nippon Häppchen",
  "producthierarchy_level4": "",
  "producthierarchy_level5": "",
  "producthierarchy_level6": "",
  "producthierarchy_level7": "",
  "currency": "Swiss franc",
  "file_name_1": "3234_1.jpg",
  "image_url_1": "https://sortiment.lidl.ch/media/catalog/product/cache/38c728e59b3a47950872534eff8a1e63/3/2/3234_PSXX_1.jpg"
},
{
  "_id": {
    "$oid": "66f3a65ad23ade1eec55fcc3"
  },
  "unique_id": "70923",
  "product_name": "Mozartkugeln Zartbitter",
  "brand": "J. D. Gross",
  "regular_price": 2.99,
  "selling_price": 2.99,
  "price_per_unit": "pro 200g | 100g = 1.50 CHF",
  "breadcrumb": "Sortiment > Sortiment > Mozartkugeln Zartbitter",
  "pdp_url": "https://sortiment.lidl.ch/de/mozartkugeln-zartbitter-0070923",
  "product_description": "Artikelnr.: 70923",
  "producthierarchy_level1": "Sortiment",
  "producthierarchy_level2": "Sortiment",
  "producthierarchy_level3": "Mozartkugeln Zartbitter",
  "producthierarchy_level4": "",
  "producthierarchy_level5": "",
  "producthierarchy_level6": "",
  "producthierarchy_level7": "",
  "currency": "Swiss franc",
  "file_name_1": "70923_1.jpg",
  "image_url_1": "https://sortiment.lidl.ch/media/catalog/product/cache/38c728e59b3a47950872534eff8a1e63/7/0/70923_PSXX_1.jpg"
},
{
  "_id": {
    "$oid": "66f3a65bd23ade1eec55fcc4"
  },
  "unique_id": "5108709",
  "product_name": "Ovomaltine Branchli",
  "brand": "Ovomaltine",
  "regular_price": 1.69,
  "selling_price": 1.69,
  "price_per_unit": "pro 33g | 100g = 5.13 CHF",
  "breadcrumb": "Sortiment > Sortiment > Ovomaltine Branchli",
  "pdp_url": "https://sortiment.lidl.ch/de/ovomaltine-branchli-5108709",
  "product_description": "Artikelnr.: 5108709",
  "producthierarchy_level1": "Sortiment",
  "producthierarchy_level2": "Sortiment",
  "producthierarchy_level3": "Ovomaltine Branchli",
  "producthierarchy_level4": "",
  "producthierarchy_level5": "",
  "producthierarchy_level6": "",
  "producthierarchy_level7": "",
  "currency": "Swiss franc",
  "file_name_1": "5108709_1.jpg",
  "image_url_1": "https://sortiment.lidl.ch/media/catalog/product/cache/38c728e59b3a47950872534eff8a1e63/5/1/5108709_PSXX_1.jpg"
},
{
  "_id": {
    "$oid": "66f3a65cd23ade1eec55fcc5"
  },
  "unique_id": "5108404",
  "product_name": "Mini Kisses",
  "brand": "Chocarré Suisse",
  "regular_price": 4.95,
  "selling_price": 4.95,
  "price_per_unit": "pro 20x10g | 100g = 2.48 CHF",
  "breadcrumb": "Sortiment > Sortiment > Mini Kisses",
  "pdp_url": "https://sortiment.lidl.ch/de/mini-kisses-5108404",
  "product_description": "Artikelnr.: 5108404",
  "producthierarchy_level1": "Sortiment",
  "producthierarchy_level2": "Sortiment",
  "producthierarchy_level3": "Mini Kisses",
  "producthierarchy_level4": "",
  "producthierarchy_level5": "",
  "producthierarchy_level6": "",
  "producthierarchy_level7": "",
  "currency": "Swiss franc",
  "file_name_1": "5108404_1.jpg",
  "image_url_1": "https://sortiment.lidl.ch/media/catalog/product/cache/38c728e59b3a47950872534eff8a1e63/5/1/5108404_ChocarreSuisse_KissesDunkel_PSXX.jpg",
  "file_name_2": "5108404_2.jpg",
  "image_url_2": "https://sortiment.lidl.ch/media/catalog/product/cache/38c728e59b3a47950872534eff8a1e63/5/1/5108404_ChocarreSuisse_KissesMilch_PSXX.jpg"
},
{
  "_id": {
    "$oid": "66f3a65dd23ade1eec55fcc6"
  },
  "unique_id": "140396",
  "product_name": "Single Origin Madagaskar 70%",
  "brand": "J.D. Gross",
  "regular_price": 1.99,
  "selling_price": 1.99,
  "price_per_unit": "pro 100g",
  "breadcrumb": "Sortiment > Sortiment > Single Origin Madagaskar 70%",
  "pdp_url": "https://sortiment.lidl.ch/de/single-origin-madagaskar-70-0140396",
  "product_description": "Artikelnr.: 140396",
  "producthierarchy_level1": "Sortiment",
  "producthierarchy_level2": "Sortiment",
  "producthierarchy_level3": "Single Origin Madagaskar 70%",
  "producthierarchy_level4": "",
  "producthierarchy_level5": "",
  "producthierarchy_level6": "",
  "producthierarchy_level7": "",
  "currency": "Swiss franc",
  "file_name_1": "140396_1.jpg",
  "image_url_1": "https://sortiment.lidl.ch/media/catalog/product/cache/38c728e59b3a47950872534eff8a1e63/1/4/140396_PSXX_1.jpg"
},
{
  "_id": {
    "$oid": "66f3a65ed23ade1eec55fcc7"
  },
  "unique_id": "140395",
  "product_name": "Dunkle Schokolade Peru 60%",
  "brand": "J.D. Gross",
  "regular_price": 1.99,
  "selling_price": 1.99,
  "price_per_unit": "pro 100g",
  "breadcrumb": "Sortiment > Sortiment > Dunkle Schokolade Peru 60%",
  "pdp_url": "https://sortiment.lidl.ch/de/dunkle-schokolade-peru-60-0140395",
  "product_description": "Artikelnr.: 140395",
  "producthierarchy_level1": "Sortiment",
  "producthierarchy_level2": "Sortiment",
  "producthierarchy_level3": "Dunkle Schokolade Peru 60%",
  "producthierarchy_level4": "",
  "producthierarchy_level5": "",
  "producthierarchy_level6": "",
  "producthierarchy_level7": "",
  "currency": "Swiss franc",
  "file_name_1": "140395_1.jpg",
  "image_url_1": "https://sortiment.lidl.ch/media/catalog/product/cache/38c728e59b3a47950872534eff8a1e63/1/4/140395_PSXX_1.jpg"
},
{
  "_id": {
    "$oid": "66f3a65fd23ade1eec55fcc8"
  },
  "unique_id": "134425",
  "product_name": "Bio Schokolade dunkel 70% Kakao",
  "brand": "Fairglobe",
  "regular_price": 1.79,
  "selling_price": 1.79,
  "price_per_unit": "pro 100g",
  "breadcrumb": "Sortiment > Sortiment > Bio Schokolade dunkel 70% Kakao",
  "pdp_url": "https://sortiment.lidl.ch/de/bio-schokolade-dunkel-70-kakao-0134425",
  "product_description": "Artikelnr.: 134425",
  "producthierarchy_level1": "Sortiment",
  "producthierarchy_level2": "Sortiment",
  "producthierarchy_level3": "Bio Schokolade dunkel 70% Kakao",
  "producthierarchy_level4": "",
  "producthierarchy_level5": "",
  "producthierarchy_level6": "",
  "producthierarchy_level7": "",
  "currency": "Swiss franc",
  "file_name_1": "134425_1.jpg",
  "image_url_1": "https://sortiment.lidl.ch/media/catalog/product/cache/38c728e59b3a47950872534eff8a1e63/1/3/134425_PSXX.jpg"
},
{
  "_id": {
    "$oid": "66f3a660d23ade1eec55fcc9"
  },
  "unique_id": "129153",
  "product_name": "Dunkle Schokolade mit Mandel-Orange",
  "brand": "J.D. Gross",
  "regular_price": 1.59,
  "selling_price": 1.59,
  "price_per_unit": "pro 125g | 100g = 1.28 CHF",
  "breadcrumb": "Sortiment > Sortiment > Dunkle Schokolade mit Mandel-Orange",
  "pdp_url": "https://sortiment.lidl.ch/de/dunkle-schokolade-mit-mandel-orange-0129153",
  "product_description": "Artikelnr.: 129153",
  "producthierarchy_level1": "Sortiment",
  "producthierarchy_level2": "Sortiment",
  "producthierarchy_level3": "Dunkle Schokolade mit Mandel-Orange",
  "producthierarchy_level4": "",
  "producthierarchy_level5": "",
  "producthierarchy_level6": "",
  "producthierarchy_level7": "",
  "currency": "Swiss franc",
  "file_name_1": "129153_1.jpg",
  "image_url_1": "https://sortiment.lidl.ch/media/catalog/product/cache/38c728e59b3a47950872534eff8a1e63/1/2/129153_PSXX_1.jpg"
},
{
  "_id": {
    "$oid": "66f3a661d23ade1eec55fcca"
  },
  "unique_id": "126585",
  "product_name": "Milchschokolade",
  "brand": "Fin Carré",
  "regular_price": 3.49,
  "selling_price": 3.49,
  "price_per_unit": "pro 300g | 100g = 1.17 CHF",
  "breadcrumb": "Sortiment > Sortiment > Milchschokolade",
  "pdp_url": "https://sortiment.lidl.ch/de/milchschokolade-0126585",
  "product_description": "Artikelnr.: 126585",
  "producthierarchy_level1": "Sortiment",
  "producthierarchy_level2": "Sortiment",
  "producthierarchy_level3": "Milchschokolade",
  "producthierarchy_level4": "",
  "producthierarchy_level5": "",
  "producthierarchy_level6": "",
  "producthierarchy_level7": "",
  "currency": "Swiss franc",
  "file_name_1": "126585_1.jpg",
  "image_url_1": "https://sortiment.lidl.ch/media/catalog/product/cache/38c728e59b3a47950872534eff8a1e63/1/2/126585_PSXX_1.jpg"
},
{
  "_id": {
    "$oid": "66f3a663d23ade1eec55fccb"
  },
  "unique_id": "31678",
  "product_name": "Schokoladenstäbchen",
  "brand": "Mister Choc",
  "regular_price": 1.99,
  "selling_price": 1.99,
  "price_per_unit": "pro 200g | 100g = 1.00 CHF",
  "breadcrumb": "Sortiment > Sortiment > Schokoladenstäbchen",
  "pdp_url": "https://sortiment.lidl.ch/de/schokoladenstaebchen-0031678",
  "product_description": "Artikelnr.: 31678",
  "producthierarchy_level1": "Sortiment",
  "producthierarchy_level2": "Sortiment",
  "producthierarchy_level3": "Schokoladenstäbchen",
  "producthierarchy_level4": "",
  "producthierarchy_level5": "",
  "producthierarchy_level6": "",
  "producthierarchy_level7": "",
  "currency": "Swiss franc",
  "file_name_1": "31678_1.jpg",
  "image_url_1": "https://sortiment.lidl.ch/media/catalog/product/cache/38c728e59b3a47950872534eff8a1e63/3/1/31678_PSXX.jpg"
},
{
  "_id": {
    "$oid": "66f3a664d23ade1eec55fccc"
  },
  "unique_id": "28823",
  "product_name": "Dunkle Schokolade Ecuador 70%",
  "brand": "J.D. Gross",
  "regular_price": 1.59,
  "selling_price": 1.59,
  "price_per_unit": "pro 125g | 100g = 1.28 CHF",
  "breadcrumb": "Sortiment > Sortiment > Dunkle Schokolade Ecuador 70%",
  "pdp_url": "https://sortiment.lidl.ch/de/dunkle-schokolade-ecuador-70-0028823",
  "product_description": "Artikelnr.: 28823",
  "producthierarchy_level1": "Sortiment",
  "producthierarchy_level2": "Sortiment",
  "producthierarchy_level3": "Dunkle Schokolade Ecuador 70%",
  "producthierarchy_level4": "",
  "producthierarchy_level5": "",
  "producthierarchy_level6": "",
  "producthierarchy_level7": "",
  "currency": "Swiss franc",
  "file_name_1": "28823_1.jpg",
  "image_url_1": "https://sortiment.lidl.ch/media/catalog/product/cache/38c728e59b3a47950872534eff8a1e63/2/8/28823_PSXX_1.jpg"
},
{
  "_id": {
    "$oid": "66f3a665d23ade1eec55fccd"
  },
  "unique_id": "148486",
  "product_name": "Kokosraspeln",
  "brand": "Belbake",
  "regular_price": 1.49,
  "selling_price": 1.49,
  "price_per_unit": "pro 250g | 100g = 0.60 CHF",
  "breadcrumb": "Sortiment > Sortiment > Kokosraspeln",
  "pdp_url": "https://sortiment.lidl.ch/de/kokosraspeln-0148486",
  "product_description": "Artikelnr.: 148486",
  "producthierarchy_level1": "Sortiment",
  "producthierarchy_level2": "Sortiment",
  "producthierarchy_level3": "Kokosraspeln",
  "producthierarchy_level4": "",
  "producthierarchy_level5": "",
  "producthierarchy_level6": "",
  "producthierarchy_level7": "",
  "currency": "Swiss franc",
  "file_name_1": "148486_1.jpg",
  "image_url_1": "https://sortiment.lidl.ch/media/catalog/product/cache/38c728e59b3a47950872534eff8a1e63/1/4/148486_PSXX_1.jpg"
},
{
  "_id": {
    "$oid": "66f3a667d23ade1eec55fcce"
  },
  "unique_id": "5108774",
  "product_name": "Dar-Vida Cracker Paprika",
  "brand": "DAR-VIDA",
  "regular_price": 2.99,
  "selling_price": 2.99,
  "price_per_unit": "pro 125g | 100g = 2.40 CHF",
  "breadcrumb": "Sortiment > Sortiment > Dar-Vida Cracker Paprika",
  "pdp_url": "https://sortiment.lidl.ch/de/dar-vida-cracker-paprika-5108774",
  "product_description": "Artikelnr.: 5108774",
  "producthierarchy_level1": "Sortiment",
  "producthierarchy_level2": "Sortiment",
  "producthierarchy_level3": "Dar-Vida Cracker Paprika",
  "producthierarchy_level4": "",
  "producthierarchy_level5": "",
  "producthierarchy_level6": "",
  "producthierarchy_level7": "",
  "currency": "Swiss franc",
  "file_name_1": "5108774_1.jpg",
  "image_url_1": "https://sortiment.lidl.ch/media/catalog/product/cache/38c728e59b3a47950872534eff8a1e63/5/1/5108774_PSXX_1.jpg"
},
{
  "_id": {
    "$oid": "66f3a668d23ade1eec55fccf"
  },
  "unique_id": "96761",
  "product_name": "Party Mix",
  "brand": "Snack Day",
  "regular_price": 1.29,
  "selling_price": 1.29,
  "price_per_unit": "pro 300g | 100g = 0.43 CHF",
  "breadcrumb": "Sortiment > Sortiment > Party Mix",
  "pdp_url": "https://sortiment.lidl.ch/de/party-mix-0096761",
  "product_description": "Artikelnr.: 96761",
  "producthierarchy_level1": "Sortiment",
  "producthierarchy_level2": "Sortiment",
  "producthierarchy_level3": "Party Mix",
  "producthierarchy_level4": "",
  "producthierarchy_level5": "",
  "producthierarchy_level6": "",
  "producthierarchy_level7": "",
  "currency": "Swiss franc",
  "file_name_1": "96761_1.jpg",
  "image_url_1": "https://sortiment.lidl.ch/media/catalog/product/cache/38c728e59b3a47950872534eff8a1e63/9/6/96761_PSXX.jpg"
},
{
  "_id": {
    "$oid": "66f3a669d23ade1eec55fcd0"
  },
  "unique_id": "28369",
  "product_name": "Salzstangen",
  "brand": "Snack Day",
  "regular_price": 0.99,
  "selling_price": 0.99,
  "price_per_unit": "pro 250g | 100g = 0.40 CHF",
  "breadcrumb": "Sortiment > Sortiment > Salzstangen",
  "pdp_url": "https://sortiment.lidl.ch/de/salzstangen-0028369",
  "product_description": "Artikelnr.: 28369",
  "producthierarchy_level1": "Sortiment",
  "producthierarchy_level2": "Sortiment",
  "producthierarchy_level3": "Salzstangen",
  "producthierarchy_level4": "",
  "producthierarchy_level5": "",
  "producthierarchy_level6": "",
  "producthierarchy_level7": "",
  "currency": "Swiss franc",
  "file_name_1": "28369_1.jpg",
  "image_url_1": "https://sortiment.lidl.ch/media/catalog/product/cache/38c728e59b3a47950872534eff8a1e63/2/8/28369_PSXX_1.jpg"
},
{
  "_id": {
    "$oid": "66f3a66bd23ade1eec55fcd1"
  },
  "unique_id": "5424",
  "product_name": "Ritz Crackers",
  "brand": "Ritz",
  "regular_price": 3.39,
  "selling_price": 3.39,
  "price_per_unit": "pro 200g | 100g = 1.70 CHF",
  "breadcrumb": "Sortiment > Sortiment > Ritz Crackers",
  "pdp_url": "https://sortiment.lidl.ch/de/ritz-crackers-0005424",
  "product_description": "Artikelnr.: 5424",
  "producthierarchy_level1": "Sortiment",
  "producthierarchy_level2": "Sortiment",
  "producthierarchy_level3": "Ritz Crackers",
  "producthierarchy_level4": "",
  "producthierarchy_level5": "",
  "producthierarchy_level6": "",
  "producthierarchy_level7": "",
  "currency": "Swiss franc",
  "file_name_1": "5424_1.jpg",
  "image_url_1": "https://sortiment.lidl.ch/media/catalog/product/cache/38c728e59b3a47950872534eff8a1e63/5/4/5424_PSXX_1.jpg"
},
{
  "_id": {
    "$oid": "66f3a66dd23ade1eec55fcd2"
  },
  "unique_id": "6008224",
  "product_name": "Mürbteigkekse mit Kakao",
  "brand": "Sondey",
  "regular_price": 2.89,
  "selling_price": 2.89,
  "price_per_unit": "pro 400g | 100g = 0.73 CHF",
  "breadcrumb": "Sortiment > Sortiment > Mürbteigkekse mit Kakao",
  "pdp_url": "https://sortiment.lidl.ch/de/muerbteigkekse-mit-kakao-6008224",
  "product_description": "Artikelnr.: 6008224",
  "producthierarchy_level1": "Sortiment",
  "producthierarchy_level2": "Sortiment",
  "producthierarchy_level3": "Mürbteigkekse mit Kakao",
  "producthierarchy_level4": "",
  "producthierarchy_level5": "",
  "producthierarchy_level6": "",
  "producthierarchy_level7": "",
  "currency": "Swiss franc",
  "file_name_1": "6008224_1.jpg",
  "image_url_1": "https://sortiment.lidl.ch/media/catalog/product/cache/38c728e59b3a47950872534eff8a1e63/6/0/6008224_Cacao_PSXX.jpg",
  "file_name_2": "6008224_2.jpg",
  "image_url_2": "https://sortiment.lidl.ch/media/catalog/product/cache/38c728e59b3a47950872534eff8a1e63/6/0/6008224_Italiamo_PSXX.jpg"
},
{
  "_id": {
    "$oid": "66f3a66ed23ade1eec55fcd3"
  },
  "unique_id": "155144",
  "product_name": "Milch-Haselnuss Riegel",
  "brand": "Sondey",
  "regular_price": 2.49,
  "selling_price": 2.49,
  "price_per_unit": "pro 5x40g | 100g = 1.25 CHF",
  "breadcrumb": "Sortiment > Sortiment > Milch-Haselnuss Riegel",
  "pdp_url": "https://sortiment.lidl.ch/de/milch-haselnuss-riegel-0155144",
  "product_description": "Artikelnr.: 155144",
  "producthierarchy_level1": "Sortiment",
  "producthierarchy_level2": "Sortiment",
  "producthierarchy_level3": "Milch-Haselnuss Riegel",
  "producthierarchy_level4": "",
  "producthierarchy_level5": "",
  "producthierarchy_level6": "",
  "producthierarchy_level7": "",
  "currency": "Swiss franc",
  "file_name_1": "155144_1.jpg",
  "image_url_1": "https://sortiment.lidl.ch/media/catalog/product/cache/38c728e59b3a47950872534eff8a1e63/1/5/155144_PSXX_1.jpg"
},
{
  "_id": {
    "$oid": "66f3a670d23ade1eec55fcd4"
  },
  "unique_id": "151297",
  "product_name": "Nuss Stängeli",
  "brand": "Sondey",
  "regular_price": 3.99,
  "selling_price": 3.99,
  "price_per_unit": "pro 500g | 100g = 0.80 CHF",
  "breadcrumb": "Sortiment > Sortiment > Nuss Stängeli",
  "pdp_url": "https://sortiment.lidl.ch/de/nuss-staengeli-0151297",
  "product_description": "Artikelnr.: 151297",
  "producthierarchy_level1": "Sortiment",
  "producthierarchy_level2": "Sortiment",
  "producthierarchy_level3": "Nuss Stängeli",
  "producthierarchy_level4": "",
  "producthierarchy_level5": "",
  "producthierarchy_level6": "",
  "producthierarchy_level7": "",
  "currency": "Swiss franc",
  "file_name_1": "151297_1.jpg",
  "image_url_1": "https://sortiment.lidl.ch/media/catalog/product/cache/38c728e59b3a47950872534eff8a1e63/1/5/151297_PSXX_1.jpg"
},
{
  "_id": {
    "$oid": "66f3a671d23ade1eec55fcd5"
  },
  "unique_id": "133351",
  "product_name": "Schoko Waffeln",
  "brand": "Sondey",
  "regular_price": 1.79,
  "selling_price": 1.79,
  "price_per_unit": "pro 150g | 100g = 1.20 CHF",
  "breadcrumb": "Sortiment > Sortiment > Schoko Waffeln",
  "pdp_url": "https://sortiment.lidl.ch/de/schoko-waffeln-0133351",
  "product_description": "Artikelnr.: 133351",
  "producthierarchy_level1": "Sortiment",
  "producthierarchy_level2": "Sortiment",
  "producthierarchy_level3": "Schoko Waffeln",
  "producthierarchy_level4": "",
  "producthierarchy_level5": "",
  "producthierarchy_level6": "",
  "producthierarchy_level7": "",
  "currency": "Swiss franc",
  "file_name_1": "133351_1.jpg",
  "image_url_1": "https://sortiment.lidl.ch/media/catalog/product/cache/38c728e59b3a47950872534eff8a1e63/1/3/133351_PSXX.jpg"
},
{
  "_id": {
    "$oid": "66f3a673d23ade1eec55fcd6"
  },
  "unique_id": "47627",
  "product_name": "Leibniz Pick up!",
  "brand": "Leibniz",
  "regular_price": 3.49,
  "selling_price": 3.49,
  "price_per_unit": "pro 140g | 100g = 2.50 CHF",
  "breadcrumb": "Sortiment > Sortiment > Leibniz Pick up!",
  "pdp_url": "https://sortiment.lidl.ch/de/leibniz-pick-up-0047627",
  "product_description": "Artikelnr.: 47627",
  "producthierarchy_level1": "Sortiment",
  "producthierarchy_level2": "Sortiment",
  "producthierarchy_level3": "Leibniz Pick up!",
  "producthierarchy_level4": "",
  "producthierarchy_level5": "",
  "producthierarchy_level6": "",
  "producthierarchy_level7": "",
  "currency": "Swiss franc",
  "file_name_1": "47627_1.jpg",
  "image_url_1": "https://sortiment.lidl.ch/media/catalog/product/cache/38c728e59b3a47950872534eff8a1e63/4/7/47627_Dark_PSXX.jpg",
  "file_name_2": "47627_2.jpg",
  "image_url_2": "https://sortiment.lidl.ch/media/catalog/product/cache/38c728e59b3a47950872534eff8a1e63/4/7/47627_Milk_PSXX.jpg",
  "file_name_3": "47627_3.jpg",
  "image_url_3": "https://sortiment.lidl.ch/media/catalog/product/cache/38c728e59b3a47950872534eff8a1e63/4/7/47627_Original_PSXX.jpg"
},
{
  "_id": {
    "$oid": "66f3a674d23ade1eec55fcd7"
  },
  "unique_id": "18692",
  "product_name": "Mini Biscuits Cookies",
  "brand": "Sondey",
  "regular_price": 1.65,
  "selling_price": 1.65,
  "price_per_unit": "pro 150g | 100g = 1.10 CHF",
  "breadcrumb": "Sortiment > Sortiment > Mini Biscuits Cookies",
  "pdp_url": "https://sortiment.lidl.ch/de/mini-biscuits-cookies-0018692",
  "product_description": "Artikelnr.: 18692",
  "producthierarchy_level1": "Sortiment",
  "producthierarchy_level2": "Sortiment",
  "producthierarchy_level3": "Mini Biscuits Cookies",
  "producthierarchy_level4": "",
  "producthierarchy_level5": "",
  "producthierarchy_level6": "",
  "producthierarchy_level7": "",
  "currency": "Swiss franc",
  "file_name_1": "18692_1.jpg",
  "image_url_1": "https://sortiment.lidl.ch/media/catalog/product/cache/38c728e59b3a47950872534eff8a1e63/1/8/18692_Chocolate_PSXX_1.jpg",
  "file_name_2": "18692_2.jpg",
  "image_url_2": "https://sortiment.lidl.ch/media/catalog/product/cache/38c728e59b3a47950872534eff8a1e63/1/8/18692_Milkchocolate_PSXX_1.jpg"
},
{
  "_id": {
    "$oid": "66f3a675d23ade1eec55fcd8"
  },
  "unique_id": "5109492",
  "product_name": "Calanda Radler",
  "brand": "Calanda",
  "regular_price": 12.29,
  "selling_price": 12.29,
  "price_per_unit": "pro 6x0,5l | 1L = 4.10 CHF",
  "breadcrumb": "Sortiment > Sortiment > Calanda Radler",
  "pdp_url": "https://sortiment.lidl.ch/de/calanda-radler-5109492",
  "product_description": "Artikelnr.: 5109492",
  "producthierarchy_level1": "Sortiment",
  "producthierarchy_level2": "Sortiment",
  "producthierarchy_level3": "Calanda Radler",
  "producthierarchy_level4": "",
  "producthierarchy_level5": "",
  "producthierarchy_level6": "",
  "producthierarchy_level7": "",
  "currency": "Swiss franc",
  "file_name_1": "5109492_1.jpg",
  "image_url_1": "https://sortiment.lidl.ch/media/catalog/product/cache/38c728e59b3a47950872534eff8a1e63/5/1/5109492_6pack_PSXX.jpg",
  "file_name_2": "5109492_2.jpg",
  "image_url_2": "https://sortiment.lidl.ch/media/catalog/product/cache/38c728e59b3a47950872534eff8a1e63/5/1/5109492_PSXX.jpg"
},
{
  "_id": {
    "$oid": "66f3a677d23ade1eec55fcd9"
  },
  "unique_id": "2496",
  "product_name": "Calanda Lagerbier",
  "brand": "Calanda",
  "regular_price": 11.19,
  "selling_price": 11.19,
  "price_per_unit": "pro 6x0,5l | 1L = 3.73 CHF",
  "breadcrumb": "Sortiment > Sortiment > Calanda Lagerbier",
  "pdp_url": "https://sortiment.lidl.ch/de/calanda-lagerbier-0002496",
  "product_description": "Artikelnr.: 2496",
  "producthierarchy_level1": "Sortiment",
  "producthierarchy_level2": "Sortiment",
  "producthierarchy_level3": "Calanda Lagerbier",
  "producthierarchy_level4": "",
  "producthierarchy_level5": "",
  "producthierarchy_level6": "",
  "producthierarchy_level7": "",
  "currency": "Swiss franc",
  "file_name_1": "2496_1.jpg",
  "image_url_1": "https://sortiment.lidl.ch/media/catalog/product/cache/38c728e59b3a47950872534eff8a1e63/2/4/2496_6pack_PSXX.jpg",
  "file_name_2": "2496_2.jpg",
  "image_url_2": "https://sortiment.lidl.ch/media/catalog/product/cache/38c728e59b3a47950872534eff8a1e63/2/4/2496_EF_PSXX_1.jpg"
},
{
  "_id": {
    "$oid": "66f3a679d23ade1eec55fcda"
  },
  "unique_id": "5109564",
  "product_name": "Holunderblütensirup",
  "brand": "Solevita",
  "regular_price": 3.45,
  "selling_price": 3.45,
  "price_per_unit": "pro 1,5l | 1L = 2.30 CHF",
  "breadcrumb": "Sortiment > Sortiment > Holunderblütensirup",
  "pdp_url": "https://sortiment.lidl.ch/de/holunderbluetensirup-5109564",
  "product_description": "Artikelnr.: 5109564",
  "producthierarchy_level1": "Sortiment",
  "producthierarchy_level2": "Sortiment",
  "producthierarchy_level3": "Holunderblütensirup",
  "producthierarchy_level4": "",
  "producthierarchy_level5": "",
  "producthierarchy_level6": "",
  "producthierarchy_level7": "",
  "currency": "Swiss franc",
  "file_name_1": "5109564_1.jpg",
  "image_url_1": "https://sortiment.lidl.ch/media/catalog/product/cache/38c728e59b3a47950872534eff8a1e63/5/1/5109564_PSXX_1.jpg",
  "file_name_2": "5109564_2.jpg",
  "image_url_2": "https://sortiment.lidl.ch/media/catalog/product/cache/38c728e59b3a47950872534eff8a1e63/5/1/5109564_Pack_PSXX.jpg"
},
{
  "_id": {
    "$oid": "66f3a67ad23ade1eec55fcdb"
  },
  "unique_id": "5109560",
  "product_name": "Beerensirup",
  "brand": "Solevita",
  "regular_price": 3.45,
  "selling_price": 3.45,
  "price_per_unit": "pro 1,5l | 1L = 2.30 CHF",
  "breadcrumb": "Sortiment > Sortiment > Beerensirup",
  "pdp_url": "https://sortiment.lidl.ch/de/beerensirup-5109560",
  "product_description": "Artikelnr.: 5109560",
  "producthierarchy_level1": "Sortiment",
  "producthierarchy_level2": "Sortiment",
  "producthierarchy_level3": "Beerensirup",
  "producthierarchy_level4": "",
  "producthierarchy_level5": "",
  "producthierarchy_level6": "",
  "producthierarchy_level7": "",
  "currency": "Swiss franc",
  "file_name_1": "5109560_1.jpg",
  "image_url_1": "https://sortiment.lidl.ch/media/catalog/product/cache/38c728e59b3a47950872534eff8a1e63/5/1/5109560_PSXX.jpg"
},
{
  "_id": {
    "$oid": "66f3a67cd23ade1eec55fcdc"
  },
  "unique_id": "5109559",
  "product_name": "Himbeersirup",
  "brand": "Solevita",
  "regular_price": 3.45,
  "selling_price": 3.45,
  "price_per_unit": "pro 1,5l | 1L = 2.30 CHF",
  "breadcrumb": "Sortiment > Sortiment > Himbeersirup",
  "pdp_url": "https://sortiment.lidl.ch/de/himbeersirup-5109559",
  "product_description": "Artikelnr.: 5109559",
  "producthierarchy_level1": "Sortiment",
  "producthierarchy_level2": "Sortiment",
  "producthierarchy_level3": "Himbeersirup",
  "producthierarchy_level4": "",
  "producthierarchy_level5": "",
  "producthierarchy_level6": "",
  "producthierarchy_level7": "",
  "currency": "Swiss franc",
  "file_name_1": "5109559_1.jpg",
  "image_url_1": "https://sortiment.lidl.ch/media/catalog/product/cache/38c728e59b3a47950872534eff8a1e63/5/1/5109559_PSXX_1.jpg"
},
{
  "_id": {
    "$oid": "66f3a67dd23ade1eec55fcdd"
  },
  "unique_id": "5109005",
  "product_name": "Vitamin Well Awake",
  "brand": "Vitamin Well",
  "regular_price": 2.25,
  "selling_price": 2.25,
  "price_per_unit": "pro 500ml | 1L = 4.50 CHF",
  "breadcrumb": "Sortiment > Sortiment > Vitamin Well Awake",
  "pdp_url": "https://sortiment.lidl.ch/de/vitamin-well-awake-5109005",
  "product_description": "Artikelnr.: 5109005",
  "producthierarchy_level1": "Sortiment",
  "producthierarchy_level2": "Sortiment",
  "producthierarchy_level3": "Vitamin Well Awake",
  "producthierarchy_level4": "",
  "producthierarchy_level5": "",
  "producthierarchy_level6": "",
  "producthierarchy_level7": "",
  "currency": "Swiss franc",
  "file_name_1": "5109005_1.jpg",
  "image_url_1": "https://sortiment.lidl.ch/media/catalog/product/cache/38c728e59b3a47950872534eff8a1e63/5/1/5109005_PSXX_1.jpg"
},
{
  "_id": {
    "$oid": "66f3a67fd23ade1eec55fcde"
  },
  "unique_id": "5109004",
  "product_name": "Vitamin Well Reload",
  "brand": "Vitamin Well",
  "regular_price": 2.25,
  "selling_price": 2.25,
  "price_per_unit": "pro 500ml | 1L = 4.50 CHF",
  "breadcrumb": "Sortiment > Sortiment > Vitamin Well Reload",
  "pdp_url": "https://sortiment.lidl.ch/de/vitamin-well-reload-5109004",
  "product_description": "Artikelnr.: 5109004",
  "producthierarchy_level1": "Sortiment",
  "producthierarchy_level2": "Sortiment",
  "producthierarchy_level3": "Vitamin Well Reload",
  "producthierarchy_level4": "",
  "producthierarchy_level5": "",
  "producthierarchy_level6": "",
  "producthierarchy_level7": "",
  "currency": "Swiss franc",
  "file_name_1": "5109004_1.jpg",
  "image_url_1": "https://sortiment.lidl.ch/media/catalog/product/cache/38c728e59b3a47950872534eff8a1e63/5/1/5109004_PSXX_1.jpg"
},
{
  "_id": {
    "$oid": "66f3a680d23ade1eec55fcdf"
  },
  "unique_id": "5109003",
  "product_name": "Vitamin Well Antioxidant",
  "brand": "Vitamin Well",
  "regular_price": 2.25,
  "selling_price": 2.25,
  "price_per_unit": "pro 500ml | 1L = 4.50 CHF",
  "breadcrumb": "Sortiment > Sortiment > Vitamin Well Antioxidant",
  "pdp_url": "https://sortiment.lidl.ch/de/vitamin-well-antioxidant-5109003",
  "product_description": "Artikelnr.: 5109003",
  "producthierarchy_level1": "Sortiment",
  "producthierarchy_level2": "Sortiment",
  "producthierarchy_level3": "Vitamin Well Antioxidant",
  "producthierarchy_level4": "",
  "producthierarchy_level5": "",
  "producthierarchy_level6": "",
  "producthierarchy_level7": "",
  "currency": "Swiss franc",
  "file_name_1": "5109003_1.jpg",
  "image_url_1": "https://sortiment.lidl.ch/media/catalog/product/cache/38c728e59b3a47950872534eff8a1e63/5/1/5109003_PSXX_1.jpg"
},
{
  "_id": {
    "$oid": "66f3a682d23ade1eec55fce0"
  },
  "unique_id": "6242",
  "product_name": "Evian Mineralwasser",
  "brand": "Evian",
  "regular_price": 6.59,
  "selling_price": 3.29,
  "price_per_unit": "pro 1,5l | 1L = 2.20 CHF",
  "breadcrumb": "Sortiment > Sortiment > Evian Mineralwasser",
  "pdp_url": "https://sortiment.lidl.ch/de/evian-mineralwasser-0006242",
  "product_description": "Artikelnr.: 6242",
  "producthierarchy_level1": "Sortiment",
  "producthierarchy_level2": "Sortiment",
  "producthierarchy_level3": "Evian Mineralwasser",
  "producthierarchy_level4": "",
  "producthierarchy_level5": "",
  "producthierarchy_level6": "",
  "producthierarchy_level7": "",
  "currency": "Swiss franc",
  "file_name_1": "6242_1.jpg",
  "image_url_1": "https://sortiment.lidl.ch/media/catalog/product/cache/38c728e59b3a47950872534eff8a1e63/6/2/6242_EF_PSXX.jpg"
},
{
  "_id": {
    "$oid": "66f3a683d23ade1eec55fce1"
  },
  "unique_id": "5109491",
  "product_name": "Appenzeller Alpenbitter",
  "brand": "",
  "regular_price": 29.89,
  "selling_price": 29.89,
  "price_per_unit": "pro 1l",
  "breadcrumb": "Sortiment > Sortiment > Appenzeller Alpenbitter",
  "pdp_url": "https://sortiment.lidl.ch/de/appenzeller-alpenbitter-5109491",
  "product_description": "Artikelnr.: 5109491",
  "producthierarchy_level1": "Sortiment",
  "producthierarchy_level2": "Sortiment",
  "producthierarchy_level3": "Appenzeller Alpenbitter",
  "producthierarchy_level4": "",
  "producthierarchy_level5": "",
  "producthierarchy_level6": "",
  "producthierarchy_level7": "",
  "currency": "Swiss franc",
  "file_name_1": "5109491_1.jpg",
  "image_url_1": "https://sortiment.lidl.ch/media/catalog/product/cache/38c728e59b3a47950872534eff8a1e63/5/1/5109491_PSXX.jpg"
},
{
  "_id": {
    "$oid": "66f3a684d23ade1eec55fce2"
  },
  "unique_id": "149162",
  "product_name": "Vodka",
  "brand": "Rachmaninoff",
  "regular_price": 2.99,
  "selling_price": 2.99,
  "price_per_unit": "pro 0,1l",
  "breadcrumb": "Sortiment > Sortiment > Vodka",
  "pdp_url": "https://sortiment.lidl.ch/de/vodka-0149162",
  "product_description": "Artikelnr.: 149162",
  "producthierarchy_level1": "Sortiment",
  "producthierarchy_level2": "Sortiment",
  "producthierarchy_level3": "Vodka",
  "producthierarchy_level4": "",
  "producthierarchy_level5": "",
  "producthierarchy_level6": "",
  "producthierarchy_level7": "",
  "currency": "Swiss franc",
  "file_name_1": "149162_1.jpg",
  "image_url_1": "https://sortiment.lidl.ch/media/catalog/product/cache/38c728e59b3a47950872534eff8a1e63/1/4/149162_PSXX_1.jpg"
},
{
  "_id": {
    "$oid": "66f3a685d23ade1eec55fce3"
  },
  "unique_id": "149516",
  "product_name": "Prosecco Valdobbiadene DOCG",
  "brand": "",
  "regular_price": 9.45,
  "selling_price": 9.45,
  "price_per_unit": "pro 0,75l | 1L = 12.60 CHF",
  "breadcrumb": "Sortiment > Sortiment > Prosecco Valdobbiadene DOCG",
  "pdp_url": "https://sortiment.lidl.ch/de/prosecco-valdobbiadene-docg-0149516",
  "product_description": "Artikelnr.: 149516",
  "producthierarchy_level1": "Sortiment",
  "producthierarchy_level2": "Sortiment",
  "producthierarchy_level3": "Prosecco Valdobbiadene DOCG",
  "producthierarchy_level4": "",
  "producthierarchy_level5": "",
  "producthierarchy_level6": "",
  "producthierarchy_level7": "",
  "currency": "Swiss franc",
  "file_name_1": "149516_1.jpg",
  "image_url_1": "https://sortiment.lidl.ch/media/catalog/product/cache/38c728e59b3a47950872534eff8a1e63/1/4/149516_PSWE_1.jpg"
},
{
  "_id": {
    "$oid": "66f3a687d23ade1eec55fce4"
  },
  "unique_id": "5008172",
  "product_name": "Zweigelt Cuvée",
  "brand": "",
  "regular_price": 6.99,
  "selling_price": 6.99,
  "price_per_unit": "pro 0,75l | 1L = 9.32 CHF",
  "breadcrumb": "Sortiment > Sortiment > Zweigelt Cuvée",
  "pdp_url": "https://sortiment.lidl.ch/de/zweigelt-cuvee-5008172",
  "product_description": "Artikelnr.: 5008172",
  "producthierarchy_level1": "Sortiment",
  "producthierarchy_level2": "Sortiment",
  "producthierarchy_level3": "Zweigelt Cuvée",
  "producthierarchy_level4": "",
  "producthierarchy_level5": "",
  "producthierarchy_level6": "",
  "producthierarchy_level7": "",
  "currency": "Swiss franc",
  "file_name_1": "5008172_1.jpg",
  "image_url_1": "https://sortiment.lidl.ch/media/catalog/product/cache/38c728e59b3a47950872534eff8a1e63/5/0/5008172_PSWE_1.jpg"
},
{
  "_id": {
    "$oid": "66f3a689d23ade1eec55fce5"
  },
  "unique_id": "128628",
  "product_name": "Nero d'Avola DOP",
  "brand": "CORTE AURELIO",
  "regular_price": 3.95,
  "selling_price": 3.95,
  "price_per_unit": "pro 0,75l | 1L = 5.27 CHF",
  "breadcrumb": "Sortiment > Sortiment > Nero d'Avola DOP",
  "pdp_url": "https://sortiment.lidl.ch/de/nero-d-avola-dop-0128628",
  "product_description": "Artikelnr.: 128628",
  "producthierarchy_level1": "Sortiment",
  "producthierarchy_level2": "Sortiment",
  "producthierarchy_level3": "Nero d'Avola DOP",
  "producthierarchy_level4": "",
  "producthierarchy_level5": "",
  "producthierarchy_level6": "",
  "producthierarchy_level7": "",
  "currency": "Swiss franc",
  "file_name_1": "128628_1.jpg",
  "image_url_1": "https://sortiment.lidl.ch/media/catalog/product/cache/38c728e59b3a47950872534eff8a1e63/1/2/128628_PSWE_1.jpg"
},
{
  "_id": {
    "$oid": "66f3a68ad23ade1eec55fce6"
  },
  "unique_id": "34496",
  "product_name": "Chardonnay",
  "brand": "Cimarosa",
  "regular_price": 3.95,
  "selling_price": 3.95,
  "price_per_unit": "pro 0,75l | 1L = 5.27 CHF",
  "breadcrumb": "Sortiment > Sortiment > Chardonnay",
  "pdp_url": "https://sortiment.lidl.ch/de/chardonnay-0034496",
  "product_description": "Artikelnr.: 34496",
  "producthierarchy_level1": "Sortiment",
  "producthierarchy_level2": "Sortiment",
  "producthierarchy_level3": "Chardonnay",
  "producthierarchy_level4": "",
  "producthierarchy_level5": "",
  "producthierarchy_level6": "",
  "producthierarchy_level7": "",
  "currency": "Swiss franc",
  "file_name_1": "34496_1.jpg",
  "image_url_1": "https://sortiment.lidl.ch/media/catalog/product/cache/38c728e59b3a47950872534eff8a1e63/3/4/34496_PSXX.jpg"
},
{
  "_id": {
    "$oid": "66f3a68bd23ade1eec55fce7"
  },
  "unique_id": "5108639",
  "product_name": "Kochwein weiss",
  "brand": "",
  "regular_price": 2.65,
  "selling_price": 2.65,
  "price_per_unit": "pro 1l",
  "breadcrumb": "Sortiment > Sortiment > Kochwein weiss",
  "pdp_url": "https://sortiment.lidl.ch/de/kochwein-weiss-5108639",
  "product_description": "Artikelnr.: 5108639",
  "producthierarchy_level1": "Sortiment",
  "producthierarchy_level2": "Sortiment",
  "producthierarchy_level3": "Kochwein weiss",
  "producthierarchy_level4": "",
  "producthierarchy_level5": "",
  "producthierarchy_level6": "",
  "producthierarchy_level7": "",
  "currency": "Swiss franc",
  "file_name_1": "5108639_1.jpg",
  "image_url_1": "https://sortiment.lidl.ch/media/catalog/product/cache/38c728e59b3a47950872534eff8a1e63/5/1/5108639_PSWE_1.jpg"
},
{
  "_id": {
    "$oid": "66f3a68dd23ade1eec55fce8"
  },
  "unique_id": "5108901",
  "product_name": "Nestlé Yogolino",
  "brand": "Nestlé",
  "regular_price": 3.95,
  "selling_price": 3.95,
  "price_per_unit": "pro 4x100g | 100g = 0.99 CHF",
  "breadcrumb": "Sortiment > Sortiment > Nestlé Yogolino",
  "pdp_url": "https://sortiment.lidl.ch/de/nestle-yogolino-5108901",
  "product_description": "Artikelnr.: 5108901",
  "producthierarchy_level1": "Sortiment",
  "producthierarchy_level2": "Sortiment",
  "producthierarchy_level3": "Nestlé Yogolino",
  "producthierarchy_level4": "",
  "producthierarchy_level5": "",
  "producthierarchy_level6": "",
  "producthierarchy_level7": "",
  "currency": "Swiss franc",
  "file_name_1": "5108901_1.jpg",
  "image_url_1": "https://sortiment.lidl.ch/media/catalog/product/cache/38c728e59b3a47950872534eff8a1e63/5/1/5108901_Biscuit_PSXX_1.jpg",
  "file_name_2": "5108901_2.jpg",
  "image_url_2": "https://sortiment.lidl.ch/media/catalog/product/cache/38c728e59b3a47950872534eff8a1e63/5/1/5108901_Vanille_PSXX_1.jpg"
},
{
  "_id": {
    "$oid": "66f3a68ed23ade1eec55fce9"
  },
  "unique_id": "5108628",
  "product_name": "Galactina Plasmon Kinder Biscuits",
  "brand": "Galactina Plasmon",
  "regular_price": 4.39,
  "selling_price": 4.39,
  "price_per_unit": "pro 160g | 100g = 2.75 CHF",
  "breadcrumb": "Sortiment > Sortiment > Galactina Plasmon Kinder Biscuits",
  "pdp_url": "https://sortiment.lidl.ch/de/galactina-plasmon-kinder-biscuits-5108628",
  "product_description": "Artikelnr.: 5108628",
  "producthierarchy_level1": "Sortiment",
  "producthierarchy_level2": "Sortiment",
  "producthierarchy_level3": "Galactina Plasmon Kinder Biscuits",
  "producthierarchy_level4": "",
  "producthierarchy_level5": "",
  "producthierarchy_level6": "",
  "producthierarchy_level7": "",
  "currency": "Swiss franc",
  "file_name_1": "5108628_1.jpg",
  "image_url_1": "https://sortiment.lidl.ch/media/catalog/product/cache/38c728e59b3a47950872534eff8a1e63/5/1/5108628_PSXX_1.jpg"
},
{
  "_id": {
    "$oid": "66f3a68fd23ade1eec55fcea"
  },
  "unique_id": "5108762",
  "product_name": "Schöni Rotkraut gekocht",
  "brand": "Schöni",
  "regular_price": 2.95,
  "selling_price": 2.95,
  "price_per_unit": "pro 500g | 100g = 0.59 CHF",
  "breadcrumb": "Sortiment > Sortiment > Schöni Rotkraut gekocht",
  "pdp_url": "https://sortiment.lidl.ch/de/schoeni-rotkraut-gekocht-5108762",
  "product_description": "Artikelnr.: 5108762",
  "producthierarchy_level1": "Sortiment",
  "producthierarchy_level2": "Sortiment",
  "producthierarchy_level3": "Schöni Rotkraut gekocht",
  "producthierarchy_level4": "",
  "producthierarchy_level5": "",
  "producthierarchy_level6": "",
  "producthierarchy_level7": "",
  "currency": "Swiss franc",
  "file_name_1": "5108762_1.jpg",
  "image_url_1": "https://sortiment.lidl.ch/media/catalog/product/cache/38c728e59b3a47950872534eff8a1e63/5/1/5108762_MOOB_1.jpg",
  "file_name_2": "5108762_2.jpg",
  "image_url_2": "https://sortiment.lidl.ch/media/catalog/product/cache/38c728e59b3a47950872534eff8a1e63/5/1/5108762_PSXX.jpg"
},
{
  "_id": {
    "$oid": "66f3a690d23ade1eec55fceb"
  },
  "unique_id": "5108761",
  "product_name": "Schöni Sauerkraut gekocht",
  "brand": "Schöni",
  "regular_price": 3.39,
  "selling_price": 3.39,
  "price_per_unit": "pro 500g | 100g = 0.68 CHF",
  "breadcrumb": "Sortiment > Sortiment > Schöni Sauerkraut gekocht",
  "pdp_url": "https://sortiment.lidl.ch/de/schoeni-sauerkraut-gekocht-5108761",
  "product_description": "Artikelnr.: 5108761",
  "producthierarchy_level1": "Sortiment",
  "producthierarchy_level2": "Sortiment",
  "producthierarchy_level3": "Schöni Sauerkraut gekocht",
  "producthierarchy_level4": "",
  "producthierarchy_level5": "",
  "producthierarchy_level6": "",
  "producthierarchy_level7": "",
  "currency": "Swiss franc",
  "file_name_1": "5108761_1.jpg",
  "image_url_1": "https://sortiment.lidl.ch/media/catalog/product/cache/38c728e59b3a47950872534eff8a1e63/5/1/5108761_PSXX.jpg",
  "file_name_2": "5108761_2.jpg",
  "image_url_2": "https://sortiment.lidl.ch/media/catalog/product/cache/38c728e59b3a47950872534eff8a1e63/5/1/5108761_Weinsauerkraut_MOOB.jpg"
},
{
  "_id": {
    "$oid": "66f3a692d23ade1eec55fcec"
  },
  "unique_id": "5109239",
  "product_name": "Thomy Tomatenpüree",
  "brand": "Thomy",
  "regular_price": 2.95,
  "selling_price": 2.95,
  "price_per_unit": "pro 300g | 100g = 0.99 CHF",
  "breadcrumb": "Sortiment > Sortiment > Thomy Tomatenpüree",
  "pdp_url": "https://sortiment.lidl.ch/de/thomy-tomatenpueree-5109239",
  "product_description": "Artikelnr.: 5109239",
  "producthierarchy_level1": "Sortiment",
  "producthierarchy_level2": "Sortiment",
  "producthierarchy_level3": "Thomy Tomatenpüree",
  "producthierarchy_level4": "",
  "producthierarchy_level5": "",
  "producthierarchy_level6": "",
  "producthierarchy_level7": "",
  "currency": "Swiss franc",
  "file_name_1": "5109239_1.jpg",
  "image_url_1": "https://sortiment.lidl.ch/media/catalog/product/cache/38c728e59b3a47950872534eff8a1e63/5/1/5109239_PSXX_1.jpg"
},
{
  "_id": {
    "$oid": "66f3a693d23ade1eec55fced"
  },
  "unique_id": "143190",
  "product_name": "Champignons in Scheiben",
  "brand": "Freshona",
  "regular_price": 2.79,
  "selling_price": 2.79,
  "price_per_unit": "pro 345g (Abtropfgewicht) | 100g = 0.81 CHF",
  "breadcrumb": "Sortiment > Sortiment > Champignons in Scheiben",
  "pdp_url": "https://sortiment.lidl.ch/de/champignons-in-scheiben-0143190",
  "product_description": "Artikelnr.: 143190",
  "producthierarchy_level1": "Sortiment",
  "producthierarchy_level2": "Sortiment",
  "producthierarchy_level3": "Champignons in Scheiben",
  "producthierarchy_level4": "",
  "producthierarchy_level5": "",
  "producthierarchy_level6": "",
  "producthierarchy_level7": "",
  "currency": "Swiss franc",
  "file_name_1": "143190_1.jpg",
  "image_url_1": "https://sortiment.lidl.ch/media/catalog/product/cache/38c728e59b3a47950872534eff8a1e63/1/4/143190_3er_PSXX.jpg",
  "file_name_2": "143190_2.jpg",
  "image_url_2": "https://sortiment.lidl.ch/media/catalog/product/cache/38c728e59b3a47950872534eff8a1e63/1/4/143190_Kolli_PSXX.jpg"
},
{
  "_id": {
    "$oid": "66f3a695d23ade1eec55fcee"
  },
  "unique_id": "45338",
  "product_name": "Erbsen & Karotten/ Erbsen extra fein",
  "brand": "Freshona",
  "regular_price": 2.99,
  "selling_price": 2.99,
  "price_per_unit": "pro 390g, 420g (Abtropfgewicht) | 100g = 0.77, 0.72 CHF",
  "breadcrumb": "Sortiment > Sortiment > Erbsen & Karotten/ Erbsen extra fein",
  "pdp_url": "https://sortiment.lidl.ch/de/erbsen-karotten-erbsen-extra-fein-0045338",
  "product_description": "Artikelnr.: 45338",
  "producthierarchy_level1": "Sortiment",
  "producthierarchy_level2": "Sortiment",
  "producthierarchy_level3": "Erbsen & Karotten/ Erbsen extra fein",
  "producthierarchy_level4": "",
  "producthierarchy_level5": "",
  "producthierarchy_level6": "",
  "producthierarchy_level7": "",
  "currency": "Swiss franc",
  "file_name_1": "45338_1.jpg",
  "image_url_1": "https://sortiment.lidl.ch/media/catalog/product/cache/38c728e59b3a47950872534eff8a1e63/4/5/45338_Erbsen-Karotten_PSXX.jpg",
  "file_name_2": "45338_2.jpg",
  "image_url_2": "https://sortiment.lidl.ch/media/catalog/product/cache/38c728e59b3a47950872534eff8a1e63/4/5/45338_ErbsenKarotten_Kolli_PSXX.jpg",
  "file_name_3": "45338_3.jpg",
  "image_url_3": "https://sortiment.lidl.ch/media/catalog/product/cache/38c728e59b3a47950872534eff8a1e63/4/5/45338_Erbsen_Kolli_PSXX.jpg",
  "file_name_4": "45338_4.jpg",
  "image_url_4": "https://sortiment.lidl.ch/media/catalog/product/cache/38c728e59b3a47950872534eff8a1e63/4/5/45338_Erbsen_PSXX.jpg"
},
{
  "_id": {
    "$oid": "66f3a696d23ade1eec55fcef"
  },
  "unique_id": "8327",
  "product_name": "Chirat Maiskölbchen",
  "brand": "Chirat",
  "regular_price": 4.95,
  "selling_price": 4.95,
  "price_per_unit": "pro 125g (Abtropfgewicht) | 100g = 3.96 CHF",
  "breadcrumb": "Sortiment > Sortiment > Chirat Maiskölbchen",
  "pdp_url": "https://sortiment.lidl.ch/de/chirat-maiskoelbchen-0008327",
  "product_description": "Artikelnr.: 8327",
  "producthierarchy_level1": "Sortiment",
  "producthierarchy_level2": "Sortiment",
  "producthierarchy_level3": "Chirat Maiskölbchen",
  "producthierarchy_level4": "",
  "producthierarchy_level5": "",
  "producthierarchy_level6": "",
  "producthierarchy_level7": "",
  "currency": "Swiss franc",
  "file_name_1": "8327_1.jpg",
  "image_url_1": "https://sortiment.lidl.ch/media/catalog/product/cache/38c728e59b3a47950872534eff8a1e63/8/3/8327_PSXX.jpg"
},
{
  "_id": {
    "$oid": "66f3a698d23ade1eec55fcf0"
  },
  "unique_id": "132181",
  "product_name": "Bio Fruchtmus ohne Zuckerzusatz",
  "brand": "Freshona",
  "regular_price": 1.15,
  "selling_price": 1.15,
  "price_per_unit": "pro 350g, 360g | 100g = 0.33, 0.32 CHF",
  "breadcrumb": "Sortiment > Sortiment > Bio Fruchtmus ohne Zuckerzusatz",
  "pdp_url": "https://sortiment.lidl.ch/de/bio-fruchtmus-ohne-zuckerzusatz-0132181",
  "product_description": "Artikelnr.: 132181",
  "producthierarchy_level1": "Sortiment",
  "producthierarchy_level2": "Sortiment",
  "producthierarchy_level3": "Bio Fruchtmus ohne Zuckerzusatz",
  "producthierarchy_level4": "",
  "producthierarchy_level5": "",
  "producthierarchy_level6": "",
  "producthierarchy_level7": "",
  "currency": "Swiss franc",
  "file_name_1": "132181_1.jpg",
  "image_url_1": "https://sortiment.lidl.ch/media/catalog/product/cache/38c728e59b3a47950872534eff8a1e63/1/3/132181_ApfelBanane_PSXX_1.jpg",
  "file_name_2": "132181_2.jpg",
  "image_url_2": "https://sortiment.lidl.ch/media/catalog/product/cache/38c728e59b3a47950872534eff8a1e63/1/3/132181_ApfelBirne_PSXX_1.jpg",
  "file_name_3": "132181_3.jpg",
  "image_url_3": "https://sortiment.lidl.ch/media/catalog/product/cache/38c728e59b3a47950872534eff8a1e63/1/3/132181_ApfelMango_PSXX_1.jpg",
  "file_name_4": "132181_4.jpg",
  "image_url_4": "https://sortiment.lidl.ch/media/catalog/product/cache/38c728e59b3a47950872534eff8a1e63/1/3/132181_Apfel_PSXX.jpg"
},
{
  "_id": {
    "$oid": "66f3a699d23ade1eec55fcf1"
  },
  "unique_id": "36320",
  "product_name": "Ananas Scheiben",
  "brand": "Freshona",
  "regular_price": 1.05,
  "selling_price": 1.05,
  "price_per_unit": "pro 340g (Abtropfgewicht) | 100g = 0.31 CHF",
  "breadcrumb": "Sortiment > Sortiment > Ananas Scheiben",
  "pdp_url": "https://sortiment.lidl.ch/de/ananas-scheiben-0036320",
  "product_description": "Artikelnr.: 36320",
  "producthierarchy_level1": "Sortiment",
  "producthierarchy_level2": "Sortiment",
  "producthierarchy_level3": "Ananas Scheiben",
  "producthierarchy_level4": "",
  "producthierarchy_level5": "",
  "producthierarchy_level6": "",
  "producthierarchy_level7": "",
  "currency": "Swiss franc",
  "file_name_1": "36320_1.jpg",
  "image_url_1": "https://sortiment.lidl.ch/media/catalog/product/cache/38c728e59b3a47950872534eff8a1e63/3/6/36320_PSXX_1.jpg"
},
{
  "_id": {
    "$oid": "66f3a69ad23ade1eec55fcf2"
  },
  "unique_id": "5103959",
  "product_name": "Hirschpfeffer",
  "brand": "Chef Select",
  "regular_price": 9.95,
  "selling_price": 9.95,
  "price_per_unit": "pro 600g | 100g = 1.66 CHF",
  "breadcrumb": "Sortiment > Sortiment > Hirschpfeffer",
  "pdp_url": "https://sortiment.lidl.ch/de/hirschpfeffer-5103959",
  "product_description": "Artikelnr.: 5103959",
  "producthierarchy_level1": "Sortiment",
  "producthierarchy_level2": "Sortiment",
  "producthierarchy_level3": "Hirschpfeffer",
  "producthierarchy_level4": "",
  "producthierarchy_level5": "",
  "producthierarchy_level6": "",
  "producthierarchy_level7": "",
  "currency": "Swiss franc",
  "file_name_1": "5103959_1.jpg",
  "image_url_1": "https://sortiment.lidl.ch/media/catalog/product/cache/38c728e59b3a47950872534eff8a1e63/5/1/5103959_Hierschpfeffer_MOOB_1.jpg",
  "file_name_2": "5103959_2.jpg",
  "image_url_2": "https://sortiment.lidl.ch/media/catalog/product/cache/38c728e59b3a47950872534eff8a1e63/5/1/5103959_PSXX_1.jpg"
},
{
  "_id": {
    "$oid": "66f3a69cd23ade1eec55fcf3"
  },
  "unique_id": "5109505",
  "product_name": "Rösti Classic",
  "brand": "Harvest Basket",
  "regular_price": 2.39,
  "selling_price": 2.39,
  "price_per_unit": "pro 750g | 100g = 0.32 CHF",
  "breadcrumb": "Sortiment > Sortiment > Rösti Classic",
  "pdp_url": "https://sortiment.lidl.ch/de/roesti-classic-5109505",
  "product_description": "Artikelnr.: 5109505",
  "producthierarchy_level1": "Sortiment",
  "producthierarchy_level2": "Sortiment",
  "producthierarchy_level3": "Rösti Classic",
  "producthierarchy_level4": "",
  "producthierarchy_level5": "",
  "producthierarchy_level6": "",
  "producthierarchy_level7": "",
  "currency": "Swiss franc",
  "file_name_1": "5109505_1.jpg",
  "image_url_1": "https://sortiment.lidl.ch/media/catalog/product/cache/38c728e59b3a47950872534eff8a1e63/5/1/5109505_HarvestBasket_Roesti_PSXX.jpg"
},
{
  "_id": {
    "$oid": "66f3a69dd23ade1eec55fcf4"
  },
  "unique_id": "5907402",
  "product_name": "MSC Sardinen in Olivenöl",
  "brand": "Nixe",
  "regular_price": 1.49,
  "selling_price": 1.49,
  "price_per_unit": "pro 120g Abtropfgewicht | 100g = 1.25 CHF",
  "breadcrumb": "Sortiment > Sortiment > MSC Sardinen in Olivenöl",
  "pdp_url": "https://sortiment.lidl.ch/de/msc-sardinen-in-olivenoel-5907402",
  "product_description": "Artikelnr.: 5907402",
  "producthierarchy_level1": "Sortiment",
  "producthierarchy_level2": "Sortiment",
  "producthierarchy_level3": "MSC Sardinen in Olivenöl",
  "producthierarchy_level4": "",
  "producthierarchy_level5": "",
  "producthierarchy_level6": "",
  "producthierarchy_level7": "",
  "currency": "Swiss franc",
  "file_name_1": "5907402_1.jpg",
  "image_url_1": "https://sortiment.lidl.ch/media/catalog/product/cache/38c728e59b3a47950872534eff8a1e63/5/9/5907402_PSXX_1.jpg"
},
{
  "_id": {
    "$oid": "66f3a69fd23ade1eec55fcf5"
  },
  "unique_id": "160534",
  "product_name": "MSC Thunfisch Skipjack",
  "brand": "Nixe",
  "regular_price": 2.35,
  "selling_price": 2.35,
  "price_per_unit": "pro 156g Abtropfgewicht | 100g = 1.51 CHF",
  "breadcrumb": "Sortiment > Sortiment > MSC Thunfisch Skipjack",
  "pdp_url": "https://sortiment.lidl.ch/de/msc-thunfisch-skipjack-0160534",
  "product_description": "Artikelnr.: 160534",
  "producthierarchy_level1": "Sortiment",
  "producthierarchy_level2": "Sortiment",
  "producthierarchy_level3": "MSC Thunfisch Skipjack",
  "producthierarchy_level4": "",
  "producthierarchy_level5": "",
  "producthierarchy_level6": "",
  "producthierarchy_level7": "",
  "currency": "Swiss franc",
  "file_name_1": "160534_1.jpg",
  "image_url_1": "https://sortiment.lidl.ch/media/catalog/product/cache/38c728e59b3a47950872534eff8a1e63/1/6/160534_PSXX_1.jpg"
},
{
  "_id": {
    "$oid": "66f3a6a0d23ade1eec55fcf6"
  },
  "unique_id": "160533",
  "product_name": "MSC Thunfisch Skipjack",
  "brand": "Nixe",
  "regular_price": 2.49,
  "selling_price": 2.49,
  "price_per_unit": "pro 3x80g | 100g = 1.49 CHF",
  "breadcrumb": "Sortiment > Sortiment > MSC Thunfisch Skipjack",
  "pdp_url": "https://sortiment.lidl.ch/de/msc-thunfisch-skipjack-0160533",
  "product_description": "Artikelnr.: 160533",
  "producthierarchy_level1": "Sortiment",
  "producthierarchy_level2": "Sortiment",
  "producthierarchy_level3": "MSC Thunfisch Skipjack",
  "producthierarchy_level4": "",
  "producthierarchy_level5": "",
  "producthierarchy_level6": "",
  "producthierarchy_level7": "",
  "currency": "Swiss franc",
  "file_name_1": "160533_1.jpg",
  "image_url_1": "https://sortiment.lidl.ch/media/catalog/product/cache/38c728e59b3a47950872534eff8a1e63/1/6/160533_PSXX_1.jpg"
},
{
  "_id": {
    "$oid": "66f3a6a2d23ade1eec55fcf7"
  },
  "unique_id": "152886",
  "product_name": "MSC Thunfisch in Sonnenblumenöl",
  "brand": "Nixe",
  "regular_price": 1.75,
  "selling_price": 1.75,
  "price_per_unit": "pro 140g (Abtropfgewicht) | 100g = 1.25 CHF",
  "breadcrumb": "Sortiment > Sortiment > MSC Thunfisch in Sonnenblumenöl",
  "pdp_url": "https://sortiment.lidl.ch/de/msc-thunfisch-in-sonnenblumenoel-0152886",
  "product_description": "Artikelnr.: 152886",
  "producthierarchy_level1": "Sortiment",
  "producthierarchy_level2": "Sortiment",
  "producthierarchy_level3": "MSC Thunfisch in Sonnenblumenöl",
  "producthierarchy_level4": "",
  "producthierarchy_level5": "",
  "producthierarchy_level6": "",
  "producthierarchy_level7": "",
  "currency": "Swiss franc",
  "file_name_1": "152886_1.jpg",
  "image_url_1": "https://sortiment.lidl.ch/media/catalog/product/cache/38c728e59b3a47950872534eff8a1e63/1/5/152886_PSXX_1.jpg"
},
{
  "_id": {
    "$oid": "66f3a6a3d23ade1eec55fcf8"
  },
  "unique_id": "160269",
  "product_name": "Nudel-Schinken Gratin",
  "brand": "Kania",
  "regular_price": 0.65,
  "selling_price": 0.65,
  "price_per_unit": "pro 28g | 100g = 2.33 CHF",
  "breadcrumb": "Sortiment > Sortiment > Nudel-Schinken Gratin",
  "pdp_url": "https://sortiment.lidl.ch/de/nudel-schinken-gratin-0160269",
  "product_description": "Artikelnr.: 160269",
  "producthierarchy_level1": "Sortiment",
  "producthierarchy_level2": "Sortiment",
  "producthierarchy_level3": "Nudel-Schinken Gratin",
  "producthierarchy_level4": "",
  "producthierarchy_level5": "",
  "producthierarchy_level6": "",
  "producthierarchy_level7": "",
  "currency": "Swiss franc",
  "file_name_1": "160269_1.jpg",
  "image_url_1": "https://sortiment.lidl.ch/media/catalog/product/cache/38c728e59b3a47950872534eff8a1e63/1/6/160269_PSXX_1.jpg"
},
{
  "_id": {
    "$oid": "66f3a6a5d23ade1eec55fcf9"
  },
  "unique_id": "37474",
  "product_name": "Kartoffelstock",
  "brand": "Harvest Basket",
  "regular_price": 2.35,
  "selling_price": 2.35,
  "price_per_unit": "pro 500g | 100g = 0.47 CHF",
  "breadcrumb": "Sortiment > Sortiment > Kartoffelstock",
  "pdp_url": "https://sortiment.lidl.ch/de/kartoffelstock-0037474",
  "product_description": "Artikelnr.: 37474",
  "producthierarchy_level1": "Sortiment",
  "producthierarchy_level2": "Sortiment",
  "producthierarchy_level3": "Kartoffelstock",
  "producthierarchy_level4": "",
  "producthierarchy_level5": "",
  "producthierarchy_level6": "",
  "producthierarchy_level7": "",
  "currency": "Swiss franc",
  "file_name_1": "37474_1.jpg",
  "image_url_1": "https://sortiment.lidl.ch/media/catalog/product/cache/38c728e59b3a47950872534eff8a1e63/3/7/37474_PSXX_1.jpg"
},
{
  "_id": {
    "$oid": "66f3a6a6d23ade1eec55fcfa"
  },
  "unique_id": "3432",
  "product_name": "Knorr Suprême Sauce",
  "brand": "Knorr",
  "regular_price": 3.89,
  "selling_price": 3.89,
  "price_per_unit": "pro 30g, 31g, 35g, 41g | 100g = 12.97, 11.12, 9.49 CHF",
  "breadcrumb": "Sortiment > Sortiment > Knorr Suprême Sauce",
  "pdp_url": "https://sortiment.lidl.ch/de/knorr-supreme-sauce-0003432",
  "product_description": "Artikelnr.: 3432",
  "producthierarchy_level1": "Sortiment",
  "producthierarchy_level2": "Sortiment",
  "producthierarchy_level3": "Knorr Suprême Sauce",
  "producthierarchy_level4": "",
  "producthierarchy_level5": "",
  "producthierarchy_level6": "",
  "producthierarchy_level7": "",
  "currency": "Swiss franc",
  "file_name_1": "3432_1.jpg",
  "image_url_1": "https://sortiment.lidl.ch/media/catalog/product/cache/38c728e59b3a47950872534eff8a1e63/3/4/3432_Eierschwaemmli_PSXX_1.jpg",
  "file_name_2": "3432_2.jpg",
  "image_url_2": "https://sortiment.lidl.ch/media/catalog/product/cache/38c728e59b3a47950872534eff8a1e63/3/4/3432_Fettarm_PSXX.jpg",
  "file_name_3": "3432_3.jpg",
  "image_url_3": "https://sortiment.lidl.ch/media/catalog/product/cache/38c728e59b3a47950872534eff8a1e63/3/4/3432_Rosa_Pfeffer_PSXX.jpg",
  "file_name_4": "3432_4.jpg",
  "image_url_4": "https://sortiment.lidl.ch/media/catalog/product/cache/38c728e59b3a47950872534eff8a1e63/3/4/3432_Rotwein_PSXX_1.jpg",
  "file_name_5": "3432_5.jpg",
  "image_url_5": "https://sortiment.lidl.ch/media/catalog/product/cache/38c728e59b3a47950872534eff8a1e63/3/4/3432_Steinpilz_PSXX_1.jpg",
  "file_name_6": "3432_6.jpg",
  "image_url_6": "https://sortiment.lidl.ch/media/catalog/product/cache/38c728e59b3a47950872534eff8a1e63/3/4/3432_Wildrahm_PSXX_1.jpg"
},
{
  "_id": {
    "$oid": "66f3a6a7d23ade1eec55fcfb"
  },
  "unique_id": "21805",
  "product_name": "Peanut Butter",
  "brand": "Mister Choc",
  "regular_price": 3.49,
  "selling_price": 3.49,
  "price_per_unit": "pro 350g | 100g = 1.00 CHF",
  "breadcrumb": "Sortiment > Sortiment > Peanut Butter",
  "pdp_url": "https://sortiment.lidl.ch/de/peanut-butter-0021805",
  "product_description": "Artikelnr.: 21805",
  "producthierarchy_level1": "Sortiment",
  "producthierarchy_level2": "Sortiment",
  "producthierarchy_level3": "Peanut Butter",
  "producthierarchy_level4": "",
  "producthierarchy_level5": "",
  "producthierarchy_level6": "",
  "producthierarchy_level7": "",
  "currency": "Swiss franc",
  "file_name_1": "21805_1.jpg",
  "image_url_1": "https://sortiment.lidl.ch/media/catalog/product/cache/38c728e59b3a47950872534eff8a1e63/2/1/21805_Creamy_PSXX_1.jpg",
  "file_name_2": "21805_2.jpg",
  "image_url_2": "https://sortiment.lidl.ch/media/catalog/product/cache/38c728e59b3a47950872534eff8a1e63/2/1/21805_Crunchy_PSXX_1.jpg"
},
{
  "_id": {
    "$oid": "66f3a6a8d23ade1eec55fcfc"
  },
  "unique_id": "5109228",
  "product_name": "nectaflor Schweizer Honig",
  "brand": "nectaflor",
  "regular_price": 16.45,
  "selling_price": 16.45,
  "price_per_unit": "pro 500g | 100g = 3.29 CHF",
  "breadcrumb": "Sortiment > Sortiment > nectaflor Schweizer Honig",
  "pdp_url": "https://sortiment.lidl.ch/de/nectaflor-schweizer-honig-5109228",
  "product_description": "Artikelnr.: 5109228",
  "producthierarchy_level1": "Sortiment",
  "producthierarchy_level2": "Sortiment",
  "producthierarchy_level3": "nectaflor Schweizer Honig",
  "producthierarchy_level4": "",
  "producthierarchy_level5": "",
  "producthierarchy_level6": "",
  "producthierarchy_level7": "",
  "currency": "Swiss franc",
  "file_name_1": "5109228_1.jpg",
  "image_url_1": "https://sortiment.lidl.ch/media/catalog/product/cache/38c728e59b3a47950872534eff8a1e63/5/1/5109228_PSXX_1.jpg"
},
{
  "_id": {
    "$oid": "66f3a6a9d23ade1eec55fcfd"
  },
  "unique_id": "119564",
  "product_name": "Bio Agavendicksaft",
  "brand": "Maribel",
  "regular_price": 2.09,
  "selling_price": 2.09,
  "price_per_unit": "pro 250g | 100g = 0.84 CHF",
  "breadcrumb": "Sortiment > Sortiment > Bio Agavendicksaft",
  "pdp_url": "https://sortiment.lidl.ch/de/bio-agavendicksaft-0119564",
  "product_description": "Artikelnr.: 119564",
  "producthierarchy_level1": "Sortiment",
  "producthierarchy_level2": "Sortiment",
  "producthierarchy_level3": "Bio Agavendicksaft",
  "producthierarchy_level4": "",
  "producthierarchy_level5": "",
  "producthierarchy_level6": "",
  "producthierarchy_level7": "",
  "currency": "Swiss franc",
  "file_name_1": "119564_1.jpg",
  "image_url_1": "https://sortiment.lidl.ch/media/catalog/product/cache/38c728e59b3a47950872534eff8a1e63/1/1/119564_PSXX_1.jpg"
},
{
  "_id": {
    "$oid": "66f3a6abd23ade1eec55fcfe"
  },
  "unique_id": "137930",
  "product_name": "Pasta trafilata al bronzo",
  "brand": "Combino",
  "regular_price": 1.19,
  "selling_price": 1.19,
  "price_per_unit": "pro 500g | 100g = 0.24 CHF",
  "breadcrumb": "Sortiment > Sortiment > Pasta trafilata al bronzo",
  "pdp_url": "https://sortiment.lidl.ch/de/pasta-trafilata-al-bronzo-0137930",
  "product_description": "Artikelnr.: 137930",
  "producthierarchy_level1": "Sortiment",
  "producthierarchy_level2": "Sortiment",
  "producthierarchy_level3": "Pasta trafilata al bronzo",
  "producthierarchy_level4": "",
  "producthierarchy_level5": "",
  "producthierarchy_level6": "",
  "producthierarchy_level7": "",
  "currency": "Swiss franc",
  "file_name_1": "137930_1.jpg",
  "image_url_1": "https://sortiment.lidl.ch/media/catalog/product/cache/38c728e59b3a47950872534eff8a1e63/1/3/137930_Fusilli_PSXX.jpg",
  "file_name_2": "137930_2.jpg",
  "image_url_2": "https://sortiment.lidl.ch/media/catalog/product/cache/38c728e59b3a47950872534eff8a1e63/1/3/137930_Penne_PSXX.jpg"
},
{
  "_id": {
    "$oid": "66f3a6acd23ade1eec55fcff"
  },
  "unique_id": "5527294",
  "product_name": "OneDayMore Porridge",
  "brand": "OneDayMore",
  "regular_price": 3.99,
  "selling_price": 3.99,
  "price_per_unit": "pro 450g | 100g = 0.89 CHF",
  "breadcrumb": "Sortiment > Sortiment > OneDayMore Porridge",
  "pdp_url": "https://sortiment.lidl.ch/de/onedaymore-porridge-5527294",
  "product_description": "Artikelnr.: 5527294",
  "producthierarchy_level1": "Sortiment",
  "producthierarchy_level2": "Sortiment",
  "producthierarchy_level3": "OneDayMore Porridge",
  "producthierarchy_level4": "",
  "producthierarchy_level5": "",
  "producthierarchy_level6": "",
  "producthierarchy_level7": "",
  "currency": "Swiss franc",
  "file_name_1": "5527294_1.jpg",
  "image_url_1": "https://sortiment.lidl.ch/media/catalog/product/cache/38c728e59b3a47950872534eff8a1e63/5/5/5527294_ApfelZimt_PSXX.jpg",
  "file_name_2": "5527294_2.jpg",
  "image_url_2": "https://sortiment.lidl.ch/media/catalog/product/cache/38c728e59b3a47950872534eff8a1e63/5/5/5527294_Banane_PSXX_1.jpg",
  "file_name_3": "5527294_3.jpg",
  "image_url_3": "https://sortiment.lidl.ch/media/catalog/product/cache/38c728e59b3a47950872534eff8a1e63/5/5/5527294_Schokolade_PSXX_1.jpg"
},
{
  "_id": {
    "$oid": "66f3a6add23ade1eec55fd00"
  },
  "unique_id": "5109156",
  "product_name": "familia Müesli c.m. plus",
  "brand": "familia",
  "regular_price": 7.95,
  "selling_price": 7.95,
  "price_per_unit": "pro 600g | 100g = 1.33 CHF",
  "breadcrumb": "Sortiment > Sortiment > familia Müesli c.m. plus",
  "pdp_url": "https://sortiment.lidl.ch/de/familia-mueesli-c-m-plus-5109156",
  "product_description": "Artikelnr.: 5109156",
  "producthierarchy_level1": "Sortiment",
  "producthierarchy_level2": "Sortiment",
  "producthierarchy_level3": "familia Müesli c.m. plus",
  "producthierarchy_level4": "",
  "producthierarchy_level5": "",
  "producthierarchy_level6": "",
  "producthierarchy_level7": "",
  "currency": "Swiss franc",
  "file_name_1": "5109156_1.jpg",
  "image_url_1": "https://sortiment.lidl.ch/media/catalog/product/cache/38c728e59b3a47950872534eff8a1e63/5/1/5109156_PSXX_1.jpg"
},
{
  "_id": {
    "$oid": "66f3a6aed23ade1eec55fd01"
  },
  "unique_id": "5109155",
  "product_name": "familia Müesli c.m. plus",
  "brand": "familia",
  "regular_price": 5.95,
  "selling_price": 5.95,
  "price_per_unit": "pro 600g | 100g = 1.00 CHF",
  "breadcrumb": "Sortiment > Sortiment > familia Müesli c.m. plus",
  "pdp_url": "https://sortiment.lidl.ch/de/familia-mueesli-c-m-plus-5109155",
  "product_description": "Artikelnr.: 5109155",
  "producthierarchy_level1": "Sortiment",
  "producthierarchy_level2": "Sortiment",
  "producthierarchy_level3": "familia Müesli c.m. plus",
  "producthierarchy_level4": "",
  "producthierarchy_level5": "",
  "producthierarchy_level6": "",
  "producthierarchy_level7": "",
  "currency": "Swiss franc",
  "file_name_1": "5109155_1.jpg",
  "image_url_1": "https://sortiment.lidl.ch/media/catalog/product/cache/38c728e59b3a47950872534eff8a1e63/5/1/5109155_PSXX_1.jpg"
},
{
  "_id": {
    "$oid": "66f3a6afd23ade1eec55fd02"
  },
  "unique_id": "166472",
  "product_name": "Proteinmüesli",
  "brand": "Crownfield",
  "regular_price": 5.49,
  "selling_price": 5.49,
  "price_per_unit": "pro 500g | 100g = 1.10 CHF",
  "breadcrumb": "Sortiment > Sortiment > Proteinmüesli",
  "pdp_url": "https://sortiment.lidl.ch/de/proteinmueesli-0166472",
  "product_description": "Artikelnr.: 166472",
  "producthierarchy_level1": "Sortiment",
  "producthierarchy_level2": "Sortiment",
  "producthierarchy_level3": "Proteinmüesli",
  "producthierarchy_level4": "",
  "producthierarchy_level5": "",
  "producthierarchy_level6": "",
  "producthierarchy_level7": "",
  "currency": "Swiss franc",
  "file_name_1": "166472_1.jpg",
  "image_url_1": "https://sortiment.lidl.ch/media/catalog/product/cache/38c728e59b3a47950872534eff8a1e63/1/6/166472_Nuss_PSXX_1.jpg",
  "file_name_2": "166472_2.jpg",
  "image_url_2": "https://sortiment.lidl.ch/media/catalog/product/cache/38c728e59b3a47950872534eff8a1e63/1/6/166472_SchokoKeks_1.jpg"
},
{
  "_id": {
    "$oid": "66f3a6b0d23ade1eec55fd03"
  },
  "unique_id": "155017",
  "product_name": "Bio Müesli",
  "brand": "Crownfield",
  "regular_price": 3.29,
  "selling_price": 3.29,
  "price_per_unit": "pro 500g | 100g = 0.66 CHF",
  "breadcrumb": "Sortiment > Sortiment > Bio Müesli",
  "pdp_url": "https://sortiment.lidl.ch/de/bio-mueesli-0155017",
  "product_description": "Artikelnr.: 155017",
  "producthierarchy_level1": "Sortiment",
  "producthierarchy_level2": "Sortiment",
  "producthierarchy_level3": "Bio Müesli",
  "producthierarchy_level4": "",
  "producthierarchy_level5": "",
  "producthierarchy_level6": "",
  "producthierarchy_level7": "",
  "currency": "Swiss franc",
  "file_name_1": "155017_1.jpg",
  "image_url_1": "https://sortiment.lidl.ch/media/catalog/product/cache/38c728e59b3a47950872534eff8a1e63/1/5/155017_Bircher_PSXX.jpg",
  "file_name_2": "155017_2.jpg",
  "image_url_2": "https://sortiment.lidl.ch/media/catalog/product/cache/38c728e59b3a47950872534eff8a1e63/1/5/155017_Fruechte_PSXX_1.jpg",
  "file_name_3": "155017_3.jpg",
  "image_url_3": "https://sortiment.lidl.ch/media/catalog/product/cache/38c728e59b3a47950872534eff8a1e63/1/5/155017_Schoko_PSXX_1.jpg"
},
{
  "_id": {
    "$oid": "66f3a6b1d23ade1eec55fd04"
  },
  "unique_id": "64975",
  "product_name": "Schlagrahmfestiger",
  "brand": "Belbake",
  "regular_price": 0.59,
  "selling_price": 0.59,
  "price_per_unit": "pro 40g | 100g = 1.48 CHF",
  "breadcrumb": "Sortiment > Sortiment > Schlagrahmfestiger",
  "pdp_url": "https://sortiment.lidl.ch/de/schlagrahmfestiger-0064975",
  "product_description": "Artikelnr.: 64975",
  "producthierarchy_level1": "Sortiment",
  "producthierarchy_level2": "Sortiment",
  "producthierarchy_level3": "Schlagrahmfestiger",
  "producthierarchy_level4": "",
  "producthierarchy_level5": "",
  "producthierarchy_level6": "",
  "producthierarchy_level7": "",
  "currency": "Swiss franc",
  "file_name_1": "64975_1.jpg",
  "image_url_1": "https://sortiment.lidl.ch/media/catalog/product/cache/38c728e59b3a47950872534eff8a1e63/6/4/64975_PSXX_1.jpg"
},
{
  "_id": {
    "$oid": "66f3a6b2d23ade1eec55fd05"
  },
  "unique_id": "48330",
  "product_name": "Blattgelatine",
  "brand": "Belbake",
  "regular_price": 1.19,
  "selling_price": 1.19,
  "price_per_unit": "pro 20g | 100g = 5.95 CHF",
  "breadcrumb": "Sortiment > Sortiment > Blattgelatine",
  "pdp_url": "https://sortiment.lidl.ch/de/blattgelatine-0048330",
  "product_description": "Artikelnr.: 48330",
  "producthierarchy_level1": "Sortiment",
  "producthierarchy_level2": "Sortiment",
  "producthierarchy_level3": "Blattgelatine",
  "producthierarchy_level4": "",
  "producthierarchy_level5": "",
  "producthierarchy_level6": "",
  "producthierarchy_level7": "",
  "currency": "Swiss franc",
  "file_name_1": "48330_1.jpg",
  "image_url_1": "https://sortiment.lidl.ch/media/catalog/product/cache/38c728e59b3a47950872534eff8a1e63/4/8/48330_PSXX_1.jpg"
},
{
  "_id": {
    "$oid": "66f3a6b3d23ade1eec55fd06"
  },
  "unique_id": "12968",
  "product_name": "Pancake Teig-Mix",
  "brand": "MCENNEDY",
  "regular_price": 1.99,
  "selling_price": 1.99,
  "price_per_unit": "pro 200g | 100g = 1.00 CHF",
  "breadcrumb": "Sortiment > Sortiment > Pancake Teig-Mix",
  "pdp_url": "https://sortiment.lidl.ch/de/pancake-teig-mix-0012968",
  "product_description": "Artikelnr.: 12968",
  "producthierarchy_level1": "Sortiment",
  "producthierarchy_level2": "Sortiment",
  "producthierarchy_level3": "Pancake Teig-Mix",
  "producthierarchy_level4": "",
  "producthierarchy_level5": "",
  "producthierarchy_level6": "",
  "producthierarchy_level7": "",
  "currency": "Swiss franc",
  "file_name_1": "12968_1.jpg",
  "image_url_1": "https://sortiment.lidl.ch/media/catalog/product/cache/38c728e59b3a47950872534eff8a1e63/1/2/12968_PSXX_1.jpg"
},
{
  "_id": {
    "$oid": "66f3a6b4d23ade1eec55fd07"
  },
  "unique_id": "6002999",
  "product_name": "Wellness-Tee Herbal Infusion",
  "brand": "Lord Nelson",
  "regular_price": 1.49,
  "selling_price": 1.49,
  "price_per_unit": "pro 40g | 100g = 3.73 CHF",
  "breadcrumb": "Sortiment > Sortiment > Wellness-Tee Herbal Infusion",
  "pdp_url": "https://sortiment.lidl.ch/de/wellness-tee-herbal-infusion-6002999",
  "product_description": "Artikelnr.: 6002999",
  "producthierarchy_level1": "Sortiment",
  "producthierarchy_level2": "Sortiment",
  "producthierarchy_level3": "Wellness-Tee Herbal Infusion",
  "producthierarchy_level4": "",
  "producthierarchy_level5": "",
  "producthierarchy_level6": "",
  "producthierarchy_level7": "",
  "currency": "Swiss franc",
  "file_name_1": "6002999_1.jpg",
  "image_url_1": "https://sortiment.lidl.ch/media/catalog/product/cache/38c728e59b3a47950872534eff8a1e63/6/0/6002999_AfterDinner_PSXX_1.jpg",
  "file_name_2": "6002999_2.jpg",
  "image_url_2": "https://sortiment.lidl.ch/media/catalog/product/cache/38c728e59b3a47950872534eff8a1e63/6/0/6002999_Cleanse_PSXX_1.jpg",
  "file_name_3": "6002999_3.jpg",
  "image_url_3": "https://sortiment.lidl.ch/media/catalog/product/cache/38c728e59b3a47950872534eff8a1e63/6/0/6002999_MorningBooster_PSXX_1.jpg",
  "file_name_4": "6002999_4.jpg",
  "image_url_4": "https://sortiment.lidl.ch/media/catalog/product/cache/38c728e59b3a47950872534eff8a1e63/6/0/6002999_Relax_PSXX_1.jpg"
},
{
  "_id": {
    "$oid": "66f3a6b5d23ade1eec55fd08"
  },
  "unique_id": "162425",
  "product_name": "Bio Tee",
  "brand": "Lord Nelson",
  "regular_price": 1.09,
  "selling_price": 1.09,
  "price_per_unit": "pro 20x1,5g | 100g = 3.64 CHF",
  "breadcrumb": "Sortiment > Sortiment > Bio Tee",
  "pdp_url": "https://sortiment.lidl.ch/de/bio-tee-0162425",
  "product_description": "Artikelnr.: 162425",
  "producthierarchy_level1": "Sortiment",
  "producthierarchy_level2": "Sortiment",
  "producthierarchy_level3": "Bio Tee",
  "producthierarchy_level4": "",
  "producthierarchy_level5": "",
  "producthierarchy_level6": "",
  "producthierarchy_level7": "",
  "currency": "Swiss franc",
  "file_name_1": "162425_1.jpg",
  "image_url_1": "https://sortiment.lidl.ch/media/catalog/product/cache/38c728e59b3a47950872534eff8a1e63/1/6/162425_Kamille_PSXX_1.jpg",
  "file_name_2": "162425_2.jpg",
  "image_url_2": "https://sortiment.lidl.ch/media/catalog/product/cache/38c728e59b3a47950872534eff8a1e63/1/6/162425_Pfefferminze_PSXX_1.jpg"
},
{
  "_id": {
    "$oid": "66f3a6b6d23ade1eec55fd09"
  },
  "unique_id": "162423",
  "product_name": "Rooibos Tee",
  "brand": "Lord Nelson",
  "regular_price": 1.19,
  "selling_price": 1.19,
  "price_per_unit": "pro 25x2g | 100g = 2.38 CHF",
  "breadcrumb": "Sortiment > Sortiment > Rooibos Tee",
  "pdp_url": "https://sortiment.lidl.ch/de/rooibos-tee-0162423",
  "product_description": "Artikelnr.: 162423",
  "producthierarchy_level1": "Sortiment",
  "producthierarchy_level2": "Sortiment",
  "producthierarchy_level3": "Rooibos Tee",
  "producthierarchy_level4": "",
  "producthierarchy_level5": "",
  "producthierarchy_level6": "",
  "producthierarchy_level7": "",
  "currency": "Swiss franc",
  "file_name_1": "162423_1.jpg",
  "image_url_1": "https://sortiment.lidl.ch/media/catalog/product/cache/38c728e59b3a47950872534eff8a1e63/1/6/162423_Karamell_PSXX_1.jpg",
  "file_name_2": "162423_2.jpg",
  "image_url_2": "https://sortiment.lidl.ch/media/catalog/product/cache/38c728e59b3a47950872534eff8a1e63/1/6/162423_Vanilla_PSXX_1.jpg"
},
{
  "_id": {
    "$oid": "66f3a6b7d23ade1eec55fd0a"
  },
  "unique_id": "162422",
  "product_name": "Rooibos Tee",
  "brand": "Lord Nelson",
  "regular_price": 1.19,
  "selling_price": 1.19,
  "price_per_unit": "pro 25x2g | 100g = 2.38 CHF",
  "breadcrumb": "Sortiment > Sortiment > Rooibos Tee",
  "pdp_url": "https://sortiment.lidl.ch/de/rooibos-tee-0162422",
  "product_description": "Artikelnr.: 162422",
  "producthierarchy_level1": "Sortiment",
  "producthierarchy_level2": "Sortiment",
  "producthierarchy_level3": "Rooibos Tee",
  "producthierarchy_level4": "",
  "producthierarchy_level5": "",
  "producthierarchy_level6": "",
  "producthierarchy_level7": "",
  "currency": "Swiss franc",
  "file_name_1": "162422_1.jpg",
  "image_url_1": "https://sortiment.lidl.ch/media/catalog/product/cache/38c728e59b3a47950872534eff8a1e63/1/6/162422_Natur_PSXX_1.jpg",
  "file_name_2": "162422_2.jpg",
  "image_url_2": "https://sortiment.lidl.ch/media/catalog/product/cache/38c728e59b3a47950872534eff8a1e63/1/6/162422_Orange_PSXX_1.jpg"
},
{
  "_id": {
    "$oid": "66f3a6b8d23ade1eec55fd0b"
  },
  "unique_id": "159675",
  "product_name": "Inst. Cappucino / Latte Macchiato",
  "brand": "Bellarom",
  "regular_price": 2.79,
  "selling_price": 2.79,
  "price_per_unit": "pro 500g | 100g = 0.56 CHF",
  "breadcrumb": "Sortiment > Sortiment > Inst. Cappucino / Latte Macchiato",
  "pdp_url": "https://sortiment.lidl.ch/de/inst-cappucino-latte-macchiato-0159675",
  "product_description": "Artikelnr.: 159675",
  "producthierarchy_level1": "Sortiment",
  "producthierarchy_level2": "Sortiment",
  "producthierarchy_level3": "Inst. Cappucino / Latte Macchiato",
  "producthierarchy_level4": "",
  "producthierarchy_level5": "",
  "producthierarchy_level6": "",
  "producthierarchy_level7": "",
  "currency": "Swiss franc",
  "file_name_1": "159675_1.jpg",
  "image_url_1": "https://sortiment.lidl.ch/media/catalog/product/cache/38c728e59b3a47950872534eff8a1e63/1/5/159675_Cappuccino_PSXX_1.jpg",
  "file_name_2": "159675_2.jpg",
  "image_url_2": "https://sortiment.lidl.ch/media/catalog/product/cache/38c728e59b3a47950872534eff8a1e63/1/5/159675_LatteMacchiato_PSXX_1.jpg"
},
{
  "_id": {
    "$oid": "66f3a6b9d23ade1eec55fd0c"
  },
  "unique_id": "5108973",
  "product_name": "Kaffeekapseln Lungo Decaffeinato",
  "brand": "Bellarom",
  "regular_price": 5.99,
  "selling_price": 5.99,
  "price_per_unit": "pro 24 Stück | 100g = 24.96, 4.16 CHF",
  "breadcrumb": "Sortiment > Sortiment > Kaffeekapseln Lungo Decaffeinato",
  "pdp_url": "https://sortiment.lidl.ch/de/kaffeekapseln-lungo-decaffeinato-5108973",
  "product_description": "Artikelnr.: 5108973",
  "producthierarchy_level1": "Sortiment",
  "producthierarchy_level2": "Sortiment",
  "producthierarchy_level3": "Kaffeekapseln Lungo Decaffeinato",
  "producthierarchy_level4": "",
  "producthierarchy_level5": "",
  "producthierarchy_level6": "",
  "producthierarchy_level7": "",
  "currency": "Swiss franc",
  "file_name_1": "5108973_1.jpg",
  "image_url_1": "https://sortiment.lidl.ch/media/catalog/product/cache/38c728e59b3a47950872534eff8a1e63/5/1/5108973_PSXX_1.jpg"
},
{
  "_id": {
    "$oid": "66f3a6bbd23ade1eec55fd0d"
  },
  "unique_id": "150673",
  "product_name": "Margarine",
  "brand": "Vita D'or",
  "regular_price": 2.39,
  "selling_price": 2.39,
  "price_per_unit": "pro 500g | 100g = 0.48 CHF",
  "breadcrumb": "Sortiment > Sortiment > Margarine",
  "pdp_url": "https://sortiment.lidl.ch/de/margarine-0150673",
  "product_description": "Artikelnr.: 150673",
  "producthierarchy_level1": "Sortiment",
  "producthierarchy_level2": "Sortiment",
  "producthierarchy_level3": "Margarine",
  "producthierarchy_level4": "",
  "producthierarchy_level5": "",
  "producthierarchy_level6": "",
  "producthierarchy_level7": "",
  "currency": "Swiss franc",
  "file_name_1": "150673_1.jpg",
  "image_url_1": "https://sortiment.lidl.ch/media/catalog/product/cache/38c728e59b3a47950872534eff8a1e63/1/5/150673_PSXX_1.jpg"
},
{
  "_id": {
    "$oid": "66f3a6bcd23ade1eec55fd0e"
  },
  "unique_id": "147922",
  "product_name": "Flüssige Pflanzencreme",
  "brand": "Vita D'or",
  "regular_price": 3.09,
  "selling_price": 3.09,
  "price_per_unit": "pro 500ml | 1L = 6.18 CHF",
  "breadcrumb": "Sortiment > Sortiment > Flüssige Pflanzencreme",
  "pdp_url": "https://sortiment.lidl.ch/de/fluessige-pflanzencreme-0147922",
  "product_description": "Artikelnr.: 147922",
  "producthierarchy_level1": "Sortiment",
  "producthierarchy_level2": "Sortiment",
  "producthierarchy_level3": "Flüssige Pflanzencreme",
  "producthierarchy_level4": "",
  "producthierarchy_level5": "",
  "producthierarchy_level6": "",
  "producthierarchy_level7": "",
  "currency": "Swiss franc",
  "file_name_1": "147922_1.jpg",
  "image_url_1": "https://sortiment.lidl.ch/media/catalog/product/cache/38c728e59b3a47950872534eff8a1e63/1/4/147922_PSXX_1.jpg"
},
{
  "_id": {
    "$oid": "66f3a6bed23ade1eec55fd0f"
  },
  "unique_id": "7700689",
  "product_name": "Natives Rapskernöl",
  "brand": "Vita D'or",
  "regular_price": 3.79,
  "selling_price": 3.79,
  "price_per_unit": "pro 0,5l | 1L = 7.58 CHF",
  "breadcrumb": "Sortiment > Sortiment > Natives Rapskernöl",
  "pdp_url": "https://sortiment.lidl.ch/de/natives-rapskernoel-7700689",
  "product_description": "Artikelnr.: 7700689",
  "producthierarchy_level1": "Sortiment",
  "producthierarchy_level2": "Sortiment",
  "producthierarchy_level3": "Natives Rapskernöl",
  "producthierarchy_level4": "",
  "producthierarchy_level5": "",
  "producthierarchy_level6": "",
  "producthierarchy_level7": "",
  "currency": "Swiss franc",
  "file_name_1": "7700689_1.jpg",
  "image_url_1": "https://sortiment.lidl.ch/media/catalog/product/cache/38c728e59b3a47950872534eff8a1e63/7/7/7700689_PSXX_1.jpg"
},
{
  "_id": {
    "$oid": "66f3a6bfd23ade1eec55fd10"
  },
  "unique_id": "153950",
  "product_name": "Bio Olivenöl",
  "brand": "Primadonna",
  "regular_price": 9.95,
  "selling_price": 9.95,
  "price_per_unit": "pro 0,75l | 1L = 13.27 CHF",
  "breadcrumb": "Sortiment > Sortiment > Bio Olivenöl",
  "pdp_url": "https://sortiment.lidl.ch/de/bio-olivenoel-0153950",
  "product_description": "Artikelnr.: 153950",
  "producthierarchy_level1": "Sortiment",
  "producthierarchy_level2": "Sortiment",
  "producthierarchy_level3": "Bio Olivenöl",
  "producthierarchy_level4": "",
  "producthierarchy_level5": "",
  "producthierarchy_level6": "",
  "producthierarchy_level7": "",
  "currency": "Swiss franc",
  "file_name_1": "153950_1.jpg",
  "image_url_1": "https://sortiment.lidl.ch/media/catalog/product/cache/38c728e59b3a47950872534eff8a1e63/1/5/153950_PSXX_1.jpg"
},
{
  "_id": {
    "$oid": "66f3a6c0d23ade1eec55fd11"
  },
  "unique_id": "162808",
  "product_name": "Veganes Pesto",
  "brand": "Vemondo",
  "regular_price": 1.59,
  "selling_price": 1.59,
  "price_per_unit": "pro 190g | 100g = 0.84 CHF",
  "breadcrumb": "Sortiment > Sortiment > Veganes Pesto",
  "pdp_url": "https://sortiment.lidl.ch/de/veganes-pesto-0162808",
  "product_description": "Artikelnr.: 162808",
  "producthierarchy_level1": "Sortiment",
  "producthierarchy_level2": "Sortiment",
  "producthierarchy_level3": "Veganes Pesto",
  "producthierarchy_level4": "",
  "producthierarchy_level5": "",
  "producthierarchy_level6": "",
  "producthierarchy_level7": "",
  "currency": "Swiss franc",
  "file_name_1": "162808_1.jpg",
  "image_url_1": "https://sortiment.lidl.ch/media/catalog/product/cache/38c728e59b3a47950872534eff8a1e63/1/6/162808_Basilico_PSXX.jpg",
  "file_name_2": "162808_2.jpg",
  "image_url_2": "https://sortiment.lidl.ch/media/catalog/product/cache/38c728e59b3a47950872534eff8a1e63/1/6/162808_Calabrese_PSXX_1.jpg",
  "file_name_3": "162808_3.jpg",
  "image_url_3": "https://sortiment.lidl.ch/media/catalog/product/cache/38c728e59b3a47950872534eff8a1e63/1/6/162808_Rosso_PSXX.jpg"
},
{
  "_id": {
    "$oid": "66f3a6c1d23ade1eec55fd12"
  },
  "unique_id": "5104997",
  "product_name": "Appenzeller Fondue",
  "brand": "",
  "regular_price": 10.49,
  "selling_price": 10.49,
  "price_per_unit": "pro 800g | 100g = 1.32 CHF",
  "breadcrumb": "Sortiment > Sortiment > Appenzeller Fondue",
  "pdp_url": "https://sortiment.lidl.ch/de/appenzeller-fondue-5104997",
  "product_description": "Artikelnr.: 5104997",
  "producthierarchy_level1": "Sortiment",
  "producthierarchy_level2": "Sortiment",
  "producthierarchy_level3": "Appenzeller Fondue",
  "producthierarchy_level4": "",
  "producthierarchy_level5": "",
  "producthierarchy_level6": "",
  "producthierarchy_level7": "",
  "currency": "Swiss franc",
  "file_name_1": "5104997_1.jpg",
  "image_url_1": "https://sortiment.lidl.ch/media/catalog/product/cache/38c728e59b3a47950872534eff8a1e63/5/1/5104997_PSXX_1.jpg"
},
{
  "_id": {
    "$oid": "66f3a6c3d23ade1eec55fd13"
  },
  "unique_id": "8317",
  "product_name": "La Vache qui rit Schmelzkäseecken natur 16 Stk",
  "brand": "La Vache qui rit",
  "regular_price": 4.69,
  "selling_price": 4.69,
  "price_per_unit": "pro 267g | 100g = 1.76 CHF",
  "breadcrumb": "Sortiment > Sortiment > La Vache qui rit Schmelzkäseecken natur 16 Stk",
  "pdp_url": "https://sortiment.lidl.ch/de/la-vache-qui-rit-schmelzkaeseecken-natur-16-stk-0008317",
  "product_description": "Artikelnr.: 8317",
  "producthierarchy_level1": "Sortiment",
  "producthierarchy_level2": "Sortiment",
  "producthierarchy_level3": "La Vache qui rit Schmelzkäseecken natur 16 Stk",
  "producthierarchy_level4": "",
  "producthierarchy_level5": "",
  "producthierarchy_level6": "",
  "producthierarchy_level7": "",
  "currency": "Swiss franc",
  "file_name_1": "8317_1.jpg",
  "image_url_1": "https://sortiment.lidl.ch/media/catalog/product/cache/38c728e59b3a47950872534eff8a1e63/8/3/8317_PSXX_1.jpg"
},
{
  "_id": {
    "$oid": "66f3a6c4d23ade1eec55fd14"
  },
  "unique_id": "5007051",
  "product_name": "High Protein Drink",
  "brand": "Milbona",
  "regular_price": 1.29,
  "selling_price": 1.29,
  "price_per_unit": "pro 350g | 100g = 0.37 CHF",
  "breadcrumb": "Sortiment > Sortiment > High Protein Drink",
  "pdp_url": "https://sortiment.lidl.ch/de/high-protein-drink-5007051",
  "product_description": "Artikelnr.: 5007051",
  "producthierarchy_level1": "Sortiment",
  "producthierarchy_level2": "Sortiment",
  "producthierarchy_level3": "High Protein Drink",
  "producthierarchy_level4": "",
  "producthierarchy_level5": "",
  "producthierarchy_level6": "",
  "producthierarchy_level7": "",
  "currency": "Swiss franc",
  "file_name_1": "5007051_1.jpg",
  "image_url_1": "https://sortiment.lidl.ch/media/catalog/product/cache/38c728e59b3a47950872534eff8a1e63/5/0/5007051_Schoko_PSXX_1.jpg",
  "file_name_2": "5007051_2.jpg",
  "image_url_2": "https://sortiment.lidl.ch/media/catalog/product/cache/38c728e59b3a47950872534eff8a1e63/5/0/5007051_Vanille_PSXX_1.jpg"
},
{
  "_id": {
    "$oid": "66f3a6c5d23ade1eec55fd15"
  },
  "unique_id": "5108469",
  "product_name": "High Protein Milk Drink",
  "brand": "Milbona",
  "regular_price": 2.29,
  "selling_price": 2.29,
  "price_per_unit": "pro 1000ml",
  "breadcrumb": "Sortiment > Sortiment > High Protein Milk Drink",
  "pdp_url": "https://sortiment.lidl.ch/de/high-protein-milk-drink-5108469",
  "product_description": "Artikelnr.: 5108469",
  "producthierarchy_level1": "Sortiment",
  "producthierarchy_level2": "Sortiment",
  "producthierarchy_level3": "High Protein Milk Drink",
  "producthierarchy_level4": "",
  "producthierarchy_level5": "",
  "producthierarchy_level6": "",
  "producthierarchy_level7": "",
  "currency": "Swiss franc",
  "file_name_1": "5108469_1.jpg",
  "image_url_1": "https://sortiment.lidl.ch/media/catalog/product/cache/38c728e59b3a47950872534eff8a1e63/5/1/5108469_PSXX_1.jpg"
},
{
  "_id": {
    "$oid": "66f3a6c7d23ade1eec55fd16"
  },
  "unique_id": "6505",
  "product_name": "Bio Milchdrink 2,7%",
  "brand": "Milbona",
  "regular_price": 1.95,
  "selling_price": 1.95,
  "price_per_unit": "pro 1l",
  "breadcrumb": "Sortiment > Sortiment > Bio Milchdrink 2,7%",
  "pdp_url": "https://sortiment.lidl.ch/de/bio-milchdrink-2-7-0006505",
  "product_description": "Artikelnr.: 6505",
  "producthierarchy_level1": "Sortiment",
  "producthierarchy_level2": "Sortiment",
  "producthierarchy_level3": "Bio Milchdrink 2,7%",
  "producthierarchy_level4": "",
  "producthierarchy_level5": "",
  "producthierarchy_level6": "",
  "producthierarchy_level7": "",
  "currency": "Swiss franc",
  "file_name_1": "6505_1.jpg",
  "image_url_1": "https://sortiment.lidl.ch/media/catalog/product/cache/38c728e59b3a47950872534eff8a1e63/6/5/6505_PSXX_1.jpg"
},
{
  "_id": {
    "$oid": "66f3a6c8d23ade1eec55fd17"
  },
  "unique_id": "5109265",
  "product_name": "Appenzeller Mostbröckli",
  "brand": "Maestade typisch",
  "regular_price": 6.99,
  "selling_price": 6.99,
  "price_per_unit": "pro 100g, 90g | 100g = 7.77, 6.99 CHF",
  "breadcrumb": "Sortiment > Sortiment > Appenzeller Mostbröckli",
  "pdp_url": "https://sortiment.lidl.ch/de/appenzeller-mostbroeckli-5109265",
  "product_description": "Artikelnr.: 5109265",
  "producthierarchy_level1": "Sortiment",
  "producthierarchy_level2": "Sortiment",
  "producthierarchy_level3": "Appenzeller Mostbröckli",
  "producthierarchy_level4": "",
  "producthierarchy_level5": "",
  "producthierarchy_level6": "",
  "producthierarchy_level7": "",
  "currency": "Swiss franc",
  "file_name_1": "5109265_1.jpg",
  "image_url_1": "https://sortiment.lidl.ch/media/catalog/product/cache/38c728e59b3a47950872534eff8a1e63/5/1/5109265_FKBF_1.jpg"
},
{
  "_id": {
    "$oid": "66f3a6c9d23ade1eec55fd18"
  },
  "unique_id": "5109254",
  "product_name": "Bio Aufschnitte",
  "brand": "Maestade",
  "regular_price": 5.49,
  "selling_price": 5.49,
  "price_per_unit": "pro 70g | 100g = 7.85 CHF",
  "breadcrumb": "Sortiment > Sortiment > Bio Aufschnitte",
  "pdp_url": "https://sortiment.lidl.ch/de/bio-aufschnitte-5109254",
  "product_description": "Artikelnr.: 5109254",
  "producthierarchy_level1": "Sortiment",
  "producthierarchy_level2": "Sortiment",
  "producthierarchy_level3": "Bio Aufschnitte",
  "producthierarchy_level4": "",
  "producthierarchy_level5": "",
  "producthierarchy_level6": "",
  "producthierarchy_level7": "",
  "currency": "Swiss franc",
  "file_name_1": "5109254_1.jpg",
  "image_url_1": "https://sortiment.lidl.ch/media/catalog/product/cache/38c728e59b3a47950872534eff8a1e63/5/1/5109254_FKBF_1.jpg",
  "file_name_2": "5109254_2.jpg",
  "image_url_2": "https://sortiment.lidl.ch/media/catalog/product/cache/38c728e59b3a47950872534eff8a1e63/5/1/5109254_Hobelfleisch_PSXX.jpg",
  "file_name_3": "5109254_3.jpg",
  "image_url_3": "https://sortiment.lidl.ch/media/catalog/product/cache/38c728e59b3a47950872534eff8a1e63/5/1/5109254_Rohschinken_PSXX.jpg"
},
{
  "_id": {
    "$oid": "66f3a6cbd23ade1eec55fd19"
  },
  "unique_id": "5109215",
  "product_name": "Tessiner Platte",
  "brand": "Maestade",
  "regular_price": 3.95,
  "selling_price": 3.95,
  "price_per_unit": "pro 150g | 100g = 2.64 CHF",
  "breadcrumb": "Sortiment > Sortiment > Tessiner Platte",
  "pdp_url": "https://sortiment.lidl.ch/de/tessiner-platte-5109215",
  "product_description": "Artikelnr.: 5109215",
  "producthierarchy_level1": "Sortiment",
  "producthierarchy_level2": "Sortiment",
  "producthierarchy_level3": "Tessiner Platte",
  "producthierarchy_level4": "",
  "producthierarchy_level5": "",
  "producthierarchy_level6": "",
  "producthierarchy_level7": "",
  "currency": "Swiss franc",
  "file_name_1": "5109215_1.jpg",
  "image_url_1": "https://sortiment.lidl.ch/media/catalog/product/cache/38c728e59b3a47950872534eff8a1e63/5/1/5109215_FKBF_1.jpg"
},
{
  "_id": {
    "$oid": "66f3a6ccd23ade1eec55fd1a"
  },
  "unique_id": "5108297",
  "product_name": "Schweizer Rohschinken",
  "brand": "Maestade",
  "regular_price": 3.25,
  "selling_price": 3.25,
  "price_per_unit": "pro 100g",
  "breadcrumb": "Sortiment > Sortiment > Schweizer Rohschinken",
  "pdp_url": "https://sortiment.lidl.ch/de/schweizer-rohschinken-5108297",
  "product_description": "Artikelnr.: 5108297",
  "producthierarchy_level1": "Sortiment",
  "producthierarchy_level2": "Sortiment",
  "producthierarchy_level3": "Schweizer Rohschinken",
  "producthierarchy_level4": "",
  "producthierarchy_level5": "",
  "producthierarchy_level6": "",
  "producthierarchy_level7": "",
  "currency": "Swiss franc",
  "file_name_1": "5108297_1.jpg",
  "image_url_1": "https://sortiment.lidl.ch/media/catalog/product/cache/38c728e59b3a47950872534eff8a1e63/5/1/5108297_FKBF_1.jpg"
},
{
  "_id": {
    "$oid": "66f3a6cdd23ade1eec55fd1b"
  },
  "unique_id": "5109202",
  "product_name": "Bündner Salsiz",
  "brand": "Maestade typisch",
  "regular_price": 2.99,
  "selling_price": 2.99,
  "price_per_unit": "pro 80g | 100g = 3.74 CHF",
  "breadcrumb": "Sortiment > Sortiment > Bündner Salsiz",
  "pdp_url": "https://sortiment.lidl.ch/de/buendner-salsiz-5109202",
  "product_description": "Artikelnr.: 5109202",
  "producthierarchy_level1": "Sortiment",
  "producthierarchy_level2": "Sortiment",
  "producthierarchy_level3": "Bündner Salsiz",
  "producthierarchy_level4": "",
  "producthierarchy_level5": "",
  "producthierarchy_level6": "",
  "producthierarchy_level7": "",
  "currency": "Swiss franc",
  "file_name_1": "5109202_1.jpg",
  "image_url_1": "https://sortiment.lidl.ch/media/catalog/product/cache/38c728e59b3a47950872534eff8a1e63/5/1/5109202_02_PSXX.jpg",
  "file_name_2": "5109202_2.jpg",
  "image_url_2": "https://sortiment.lidl.ch/media/catalog/product/cache/38c728e59b3a47950872534eff8a1e63/5/1/5109202_FKBF_1.jpg",
  "file_name_3": "5109202_3.jpg",
  "image_url_3": "https://sortiment.lidl.ch/media/catalog/product/cache/38c728e59b3a47950872534eff8a1e63/5/1/5109202_PSXX.jpg",
  "file_name_4": "5109202_4.jpg",
  "image_url_4": "https://sortiment.lidl.ch/media/catalog/product/cache/38c728e59b3a47950872534eff8a1e63/5/1/5109202_maestade_buendnersalsiz_PSXX.jpg"
},
{
  "_id": {
    "$oid": "66f3a6ced23ade1eec55fd1c"
  },
  "unique_id": "2322",
  "product_name": "Wild Salametti",
  "brand": "Dulano",
  "regular_price": 5.99,
  "selling_price": 5.99,
  "price_per_unit": "pro 2x90g | 100g = 3.33 CHF",
  "breadcrumb": "Sortiment > Sortiment > Wild Salametti",
  "pdp_url": "https://sortiment.lidl.ch/de/wild-salametti-0002322",
  "product_description": "Artikelnr.: 2322",
  "producthierarchy_level1": "Sortiment",
  "producthierarchy_level2": "Sortiment",
  "producthierarchy_level3": "Wild Salametti",
  "producthierarchy_level4": "",
  "producthierarchy_level5": "",
  "producthierarchy_level6": "",
  "producthierarchy_level7": "",
  "currency": "Swiss franc",
  "file_name_1": "2322_1.jpg",
  "image_url_1": "https://sortiment.lidl.ch/media/catalog/product/cache/38c728e59b3a47950872534eff8a1e63/2/3/2322_FKBF_1.jpg",
  "file_name_2": "2322_2.jpg",
  "image_url_2": "https://sortiment.lidl.ch/media/catalog/product/cache/38c728e59b3a47950872534eff8a1e63/2/3/2322_Hirsch_PSXX.jpg",
  "file_name_3": "2322_3.jpg",
  "image_url_3": "https://sortiment.lidl.ch/media/catalog/product/cache/38c728e59b3a47950872534eff8a1e63/2/3/2322_MOOB_1.jpg",
  "file_name_4": "2322_4.jpg",
  "image_url_4": "https://sortiment.lidl.ch/media/catalog/product/cache/38c728e59b3a47950872534eff8a1e63/2/3/2322_Wildschwein_PSXX.jpg"
},
{
  "_id": {
    "$oid": "66f3a6cfd23ade1eec55fd1d"
  },
  "unique_id": "5109748",
  "product_name": "Bio Magerquark",
  "brand": "Milbona",
  "regular_price": 0.99,
  "selling_price": 0.99,
  "price_per_unit": "pro 250g | 100g = 0.40 CHF",
  "breadcrumb": "Sortiment > Sortiment > Bio Magerquark",
  "pdp_url": "https://sortiment.lidl.ch/de/bio-magerquark-5109748",
  "product_description": "Artikelnr.: 5109748",
  "producthierarchy_level1": "Sortiment",
  "producthierarchy_level2": "Sortiment",
  "producthierarchy_level3": "Bio Magerquark",
  "producthierarchy_level4": "",
  "producthierarchy_level5": "",
  "producthierarchy_level6": "",
  "producthierarchy_level7": "",
  "currency": "Swiss franc",
  "file_name_1": "5109748_1.jpg",
  "image_url_1": "https://sortiment.lidl.ch/media/catalog/product/cache/38c728e59b3a47950872534eff8a1e63/5/1/5109748_PSXX_1.jpg"
},
{
  "_id": {
    "$oid": "66f3a6d0d23ade1eec55fd1e"
  },
  "unique_id": "5108474",
  "product_name": "Bio Crème Fraîche",
  "brand": "Milbona",
  "regular_price": 2.99,
  "selling_price": 2.99,
  "price_per_unit": "pro 200g | 100g = 1.50 CHF",
  "breadcrumb": "Sortiment > Sortiment > Bio Crème Fraîche",
  "pdp_url": "https://sortiment.lidl.ch/de/bio-creme-fraiche-5108474",
  "product_description": "Artikelnr.: 5108474",
  "producthierarchy_level1": "Sortiment",
  "producthierarchy_level2": "Sortiment",
  "producthierarchy_level3": "Bio Crème Fraîche",
  "producthierarchy_level4": "",
  "producthierarchy_level5": "",
  "producthierarchy_level6": "",
  "producthierarchy_level7": "",
  "currency": "Swiss franc",
  "file_name_1": "5108474_1.jpg",
  "image_url_1": "https://sortiment.lidl.ch/media/catalog/product/cache/38c728e59b3a47950872534eff8a1e63/5/1/5108474_PSXX_1.jpg"
},
{
  "_id": {
    "$oid": "66f3a6d1d23ade1eec55fd1f"
  },
  "unique_id": "5109029",
  "product_name": "Bio Salatdressing",
  "brand": "Chef Select & You",
  "regular_price": 2.49,
  "selling_price": 2.49,
  "price_per_unit": "pro 500ml | 1L = 4.98 CHF",
  "breadcrumb": "Sortiment > Sortiment > Bio Salatdressing",
  "pdp_url": "https://sortiment.lidl.ch/de/bio-salatdressing-5109029",
  "product_description": "Artikelnr.: 5109029",
  "producthierarchy_level1": "Sortiment",
  "producthierarchy_level2": "Sortiment",
  "producthierarchy_level3": "Bio Salatdressing",
  "producthierarchy_level4": "",
  "producthierarchy_level5": "",
  "producthierarchy_level6": "",
  "producthierarchy_level7": "",
  "currency": "Swiss franc",
  "file_name_1": "5109029_1.jpg",
  "image_url_1": "https://sortiment.lidl.ch/media/amasty/amoptmobile/catalog/product/cache/38c728e59b3a47950872534eff8a1e63/5/1/5109029_FrenchKraeuter_PSXX.jpg",
  "file_name_2": "5109029_2.jpg",
  "image_url_2": "https://sortiment.lidl.ch/media/catalog/product/cache/38c728e59b3a47950872534eff8a1e63/5/1/5109029_French_PSXX_1.jpg",
  "file_name_3": "5109029_3.jpg",
  "image_url_3": "https://sortiment.lidl.ch/media/catalog/product/cache/38c728e59b3a47950872534eff8a1e63/5/1/5109029_Italian_PSXX_1.jpg"
},
{
  "_id": {
    "$oid": "66f3a6d2d23ade1eec55fd20"
  },
  "unique_id": "5108212",
  "product_name": "Bio Vermicelles",
  "brand": "Chef Select",
  "regular_price": 4.99,
  "selling_price": 4.99,
  "price_per_unit": "pro 2x175g | 100g = 1.43 CHF",
  "breadcrumb": "Sortiment > Sortiment > Bio Vermicelles",
  "pdp_url": "https://sortiment.lidl.ch/de/bio-vermicelles-5108212",
  "product_description": "Artikelnr.: 5108212",
  "producthierarchy_level1": "Sortiment",
  "producthierarchy_level2": "Sortiment",
  "producthierarchy_level3": "Bio Vermicelles",
  "producthierarchy_level4": "",
  "producthierarchy_level5": "",
  "producthierarchy_level6": "",
  "producthierarchy_level7": "",
  "currency": "Swiss franc",
  "file_name_1": "5108212_1.jpg",
  "image_url_1": "https://sortiment.lidl.ch/media/catalog/product/cache/38c728e59b3a47950872534eff8a1e63/5/1/5108212_PSXX_1.jpg"
},
{
  "_id": {
    "$oid": "66f3a6d3d23ade1eec55fd21"
  },
  "unique_id": "5107712",
  "product_name": "Bio Minze",
  "brand": "",
  "regular_price": 1.99,
  "selling_price": 1.99,
  "price_per_unit": "pro 20g | 100g = 9.95 CHF",
  "breadcrumb": "Sortiment > Sortiment > Bio Minze",
  "pdp_url": "https://sortiment.lidl.ch/de/bio-minze-5107712",
  "product_description": "Artikelnr.: 5107712",
  "producthierarchy_level1": "Sortiment",
  "producthierarchy_level2": "Sortiment",
  "producthierarchy_level3": "Bio Minze",
  "producthierarchy_level4": "",
  "producthierarchy_level5": "",
  "producthierarchy_level6": "",
  "producthierarchy_level7": "",
  "currency": "Swiss franc",
  "file_name_1": "5107712_1.jpg",
  "image_url_1": "https://sortiment.lidl.ch/media/catalog/product/cache/38c728e59b3a47950872534eff8a1e63/5/1/5107712_PSXX_1.jpg"
},
{
  "_id": {
    "$oid": "66f3a6d5d23ade1eec55fd22"
  },
  "unique_id": "5107711",
  "product_name": "Bio Koriander",
  "brand": "",
  "regular_price": 1.99,
  "selling_price": 1.99,
  "price_per_unit": "pro 20g | 100g = 9.95 CHF",
  "breadcrumb": "Sortiment > Sortiment > Bio Koriander",
  "pdp_url": "https://sortiment.lidl.ch/de/bio-koriander-5107711",
  "product_description": "Artikelnr.: 5107711",
  "producthierarchy_level1": "Sortiment",
  "producthierarchy_level2": "Sortiment",
  "producthierarchy_level3": "Bio Koriander",
  "producthierarchy_level4": "",
  "producthierarchy_level5": "",
  "producthierarchy_level6": "",
  "producthierarchy_level7": "",
  "currency": "Swiss franc",
  "file_name_1": "5107711_1.jpg",
  "image_url_1": "https://sortiment.lidl.ch/media/catalog/product/cache/38c728e59b3a47950872534eff8a1e63/5/1/5107711_PSXX.jpg"
},
{
  "_id": {
    "$oid": "66f3a6d6d23ade1eec55fd23"
  },
  "unique_id": "5107710",
  "product_name": "Bio Schnittlauch",
  "brand": "",
  "regular_price": 1.19,
  "selling_price": 1.19,
  "price_per_unit": "pro 12g | 100g = 9.92 CHF",
  "breadcrumb": "Sortiment > Sortiment > Bio Schnittlauch",
  "pdp_url": "https://sortiment.lidl.ch/de/bio-schnittlauch-5107710",
  "product_description": "Artikelnr.: 5107710",
  "producthierarchy_level1": "Sortiment",
  "producthierarchy_level2": "Sortiment",
  "producthierarchy_level3": "Bio Schnittlauch",
  "producthierarchy_level4": "",
  "producthierarchy_level5": "",
  "producthierarchy_level6": "",
  "producthierarchy_level7": "",
  "currency": "Swiss franc",
  "file_name_1": "5107710_1.jpg",
  "image_url_1": "https://sortiment.lidl.ch/media/catalog/product/cache/38c728e59b3a47950872534eff8a1e63/5/1/5107710_PSXX_1.jpg"
},
{
  "_id": {
    "$oid": "66f3a6d7d23ade1eec55fd24"
  },
  "unique_id": "5107709",
  "product_name": "Bio Petersilie glatt",
  "brand": "",
  "regular_price": 0.89,
  "selling_price": 0.89,
  "price_per_unit": "pro 20g | 100g = 4.45 CHF",
  "breadcrumb": "Sortiment > Sortiment > Bio Petersilie glatt",
  "pdp_url": "https://sortiment.lidl.ch/de/bio-petersilie-glatt-5107709",
  "product_description": "Artikelnr.: 5107709",
  "producthierarchy_level1": "Sortiment",
  "producthierarchy_level2": "Sortiment",
  "producthierarchy_level3": "Bio Petersilie glatt",
  "producthierarchy_level4": "",
  "producthierarchy_level5": "",
  "producthierarchy_level6": "",
  "producthierarchy_level7": "",
  "currency": "Swiss franc",
  "file_name_1": "5107709_1.jpg",
  "image_url_1": "https://sortiment.lidl.ch/media/amasty/amoptmobile/catalog/product/cache/38c728e59b3a47950872534eff8a1e63/5/1/5107709_PSXX_1.jpg"
},
{
  "_id": {
    "$oid": "66f3a6d9d23ade1eec55fd25"
  },
  "unique_id": "5107708",
  "product_name": "Bio Peterli gekraust",
  "brand": "",
  "regular_price": 0.89,
  "selling_price": 0.89,
  "price_per_unit": "pro 20g | 100g = 4.45 CHF",
  "breadcrumb": "Sortiment > Sortiment > Bio Peterli gekraust",
  "pdp_url": "https://sortiment.lidl.ch/de/bio-peterli-gekraust-5107708",
  "product_description": "Artikelnr.: 5107708",
  "producthierarchy_level1": "Sortiment",
  "producthierarchy_level2": "Sortiment",
  "producthierarchy_level3": "Bio Peterli gekraust",
  "producthierarchy_level4": "",
  "producthierarchy_level5": "",
  "producthierarchy_level6": "",
  "producthierarchy_level7": "",
  "currency": "Swiss franc",
  "file_name_1": "5107708_1.jpg",
  "image_url_1": "https://sortiment.lidl.ch/media/catalog/product/cache/38c728e59b3a47950872534eff8a1e63/5/1/5107708_PSXX.jpg"
},
{
  "_id": {
    "$oid": "66f3a6dad23ade1eec55fd26"
  },
  "unique_id": "153199",
  "product_name": "Premium Oliven",
  "brand": "Chef Select",
  "regular_price": 2.39,
  "selling_price": 2.39,
  "price_per_unit": "pro 150g | 100g = 1.60 CHF",
  "breadcrumb": "Sortiment > Sortiment > Premium Oliven",
  "pdp_url": "https://sortiment.lidl.ch/de/premium-oliven-0153199",
  "product_description": "Artikelnr.: 153199",
  "producthierarchy_level1": "Sortiment",
  "producthierarchy_level2": "Sortiment",
  "producthierarchy_level3": "Premium Oliven",
  "producthierarchy_level4": "",
  "producthierarchy_level5": "",
  "producthierarchy_level6": "",
  "producthierarchy_level7": "",
  "currency": "Swiss franc",
  "file_name_1": "153199_1.jpg",
  "image_url_1": "https://sortiment.lidl.ch/media/catalog/product/cache/38c728e59b3a47950872534eff8a1e63/1/5/153199_Frischkaese_PSXX.jpg",
  "file_name_2": "153199_2.jpg",
  "image_url_2": "https://sortiment.lidl.ch/media/catalog/product/cache/38c728e59b3a47950872534eff8a1e63/1/5/153199_Knoblauch_PSXX.jpg",
  "file_name_3": "153199_3.jpg",
  "image_url_3": "https://sortiment.lidl.ch/media/catalog/product/cache/38c728e59b3a47950872534eff8a1e63/1/5/153199_Mix_PSXX.jpg"
},
{
  "_id": {
    "$oid": "66f3a6dcd23ade1eec55fd27"
  },
  "unique_id": "153240",
  "product_name": "Nudelsalat",
  "brand": "Chef Select",
  "regular_price": 1.65,
  "selling_price": 1.65,
  "price_per_unit": "pro 250g | 100g = 0.66 CHF",
  "breadcrumb": "Sortiment > Sortiment > Nudelsalat",
  "pdp_url": "https://sortiment.lidl.ch/de/nudelsalat-0153240",
  "product_description": "Artikelnr.: 153240",
  "producthierarchy_level1": "Sortiment",
  "producthierarchy_level2": "Sortiment",
  "producthierarchy_level3": "Nudelsalat",
  "producthierarchy_level4": "",
  "producthierarchy_level5": "",
  "producthierarchy_level6": "",
  "producthierarchy_level7": "",
  "currency": "Swiss franc",
  "file_name_1": "153240_1.jpg",
  "image_url_1": "https://sortiment.lidl.ch/media/catalog/product/cache/38c728e59b3a47950872534eff8a1e63/1/5/153240_Farfalle_Pesto_PSXX.jpg",
  "file_name_2": "153240_2.jpg",
  "image_url_2": "https://sortiment.lidl.ch/media/catalog/product/cache/38c728e59b3a47950872534eff8a1e63/1/5/153240_Fussili_Poulet_PSXX.jpg",
  "file_name_3": "153240_3.jpg",
  "image_url_3": "https://sortiment.lidl.ch/media/catalog/product/cache/38c728e59b3a47950872534eff8a1e63/1/5/153240_Zuchetti_PSXX.jpg",
  "file_name_4": "153240_4.jpg",
  "image_url_4": "https://sortiment.lidl.ch/media/catalog/product/cache/38c728e59b3a47950872534eff8a1e63/1/5/153240_penne_Poulet_PSXX.jpg"
},
{
  "_id": {
    "$oid": "66f3a6ddd23ade1eec55fd28"
  },
  "unique_id": "3020",
  "product_name": "Marroni in Caramelsauce",
  "brand": "Chef Select",
  "regular_price": 4.99,
  "selling_price": 4.99,
  "price_per_unit": "pro 290g | 100g = 1.73 CHF",
  "breadcrumb": "Sortiment > Sortiment > Marroni in Caramelsauce",
  "pdp_url": "https://sortiment.lidl.ch/de/marroni-in-caramelsauce-0003020",
  "product_description": "Artikelnr.: 3020",
  "producthierarchy_level1": "Sortiment",
  "producthierarchy_level2": "Sortiment",
  "producthierarchy_level3": "Marroni in Caramelsauce",
  "producthierarchy_level4": "",
  "producthierarchy_level5": "",
  "producthierarchy_level6": "",
  "producthierarchy_level7": "",
  "currency": "Swiss franc",
  "file_name_1": "3020_1.jpg",
  "image_url_1": "https://sortiment.lidl.ch/media/catalog/product/cache/38c728e59b3a47950872534eff8a1e63/3/0/3020_MOOB_1.jpg",
  "file_name_2": "3020_2.jpg",
  "image_url_2": "https://sortiment.lidl.ch/media/catalog/product/cache/38c728e59b3a47950872534eff8a1e63/3/0/3020_PSXX.jpg"
},
{
  "_id": {
    "$oid": "66f3a6ded23ade1eec55fd29"
  },
  "unique_id": "6000209",
  "product_name": "Tortelloni giganti",
  "brand": "Deluxe",
  "regular_price": 2.99,
  "selling_price": 2.99,
  "price_per_unit": "pro 250g | 100g = 1.20 CHF",
  "breadcrumb": "Sortiment > Sortiment > Tortelloni giganti",
  "pdp_url": "https://sortiment.lidl.ch/de/tortelloni-giganti-6000209",
  "product_description": "Artikelnr.: 6000209",
  "producthierarchy_level1": "Sortiment",
  "producthierarchy_level2": "Sortiment",
  "producthierarchy_level3": "Tortelloni giganti",
  "producthierarchy_level4": "",
  "producthierarchy_level5": "",
  "producthierarchy_level6": "",
  "producthierarchy_level7": "",
  "currency": "Swiss franc",
  "file_name_1": "6000209_1.jpg",
  "image_url_1": "https://sortiment.lidl.ch/media/catalog/product/cache/38c728e59b3a47950872534eff8a1e63/6/0/6000209_Pilz_PSXX_1.jpg",
  "file_name_2": "6000209_2.jpg",
  "image_url_2": "https://sortiment.lidl.ch/media/catalog/product/cache/38c728e59b3a47950872534eff8a1e63/6/0/6000209_Spinat_PSXX_1.jpg"
},
{
  "_id": {
    "$oid": "66f3a6dfd23ade1eec55fd2a"
  },
  "unique_id": "5108643",
  "product_name": "Leisi Kuchenteig",
  "brand": "Leisi",
  "regular_price": 2.89,
  "selling_price": 2.89,
  "price_per_unit": "pro 230g | 100g = 1.26 CHF",
  "breadcrumb": "Sortiment > Sortiment > Leisi Kuchenteig",
  "pdp_url": "https://sortiment.lidl.ch/de/leisi-kuchenteig-5108643",
  "product_description": "Artikelnr.: 5108643",
  "producthierarchy_level1": "Sortiment",
  "producthierarchy_level2": "Sortiment",
  "producthierarchy_level3": "Leisi Kuchenteig",
  "producthierarchy_level4": "",
  "producthierarchy_level5": "",
  "producthierarchy_level6": "",
  "producthierarchy_level7": "",
  "currency": "Swiss franc",
  "file_name_1": "5108643_1.jpg",
  "image_url_1": "https://sortiment.lidl.ch/media/catalog/product/cache/38c728e59b3a47950872534eff8a1e63/5/1/5108643_PSXX.jpg"
},
{
  "_id": {
    "$oid": "66f3a6e1d23ade1eec55fd2b"
  },
  "unique_id": "140211",
  "product_name": "ASC Crevetten mit Dip",
  "brand": "nautica",
  "regular_price": 2.89,
  "selling_price": 2.89,
  "price_per_unit": "pro 100g",
  "breadcrumb": "Sortiment > Sortiment > ASC Crevetten mit Dip",
  "pdp_url": "https://sortiment.lidl.ch/de/asc-crevetten-mit-dip-0140211",
  "product_description": "Artikelnr.: 140211",
  "producthierarchy_level1": "Sortiment",
  "producthierarchy_level2": "Sortiment",
  "producthierarchy_level3": "ASC Crevetten mit Dip",
  "producthierarchy_level4": "",
  "producthierarchy_level5": "",
  "producthierarchy_level6": "",
  "producthierarchy_level7": "",
  "currency": "Swiss franc",
  "file_name_1": "140211_1.jpg",
  "image_url_1": "https://sortiment.lidl.ch/media/catalog/product/cache/38c728e59b3a47950872534eff8a1e63/1/4/140211_Aioli_PSXX_1.jpg",
  "file_name_2": "140211_2.jpg",
  "image_url_2": "https://sortiment.lidl.ch/media/catalog/product/cache/38c728e59b3a47950872534eff8a1e63/1/4/140211_Cocktail_PSXX_1.jpg",
  "file_name_3": "140211_3.jpg",
  "image_url_3": "https://sortiment.lidl.ch/media/catalog/product/cache/38c728e59b3a47950872534eff8a1e63/1/4/140211_SweetChili_PSXX_1.jpg"
},
{
  "_id": {
    "$oid": "66f3a6e2d23ade1eec55fd2c"
  },
  "unique_id": "139637",
  "product_name": "ASC Norwegisches Lachsrückenfilet",
  "brand": "Deluxe",
  "regular_price": 7.99,
  "selling_price": 7.99,
  "price_per_unit": "pro 150g | 100g = 5.33 CHF",
  "breadcrumb": "Sortiment > Sortiment > ASC Norwegisches Lachsrückenfilet",
  "pdp_url": "https://sortiment.lidl.ch/de/asc-norwegisches-lachsrueckenfilet-0139637",
  "product_description": "Artikelnr.: 139637",
  "producthierarchy_level1": "Sortiment",
  "producthierarchy_level2": "Sortiment",
  "producthierarchy_level3": "ASC Norwegisches Lachsrückenfilet",
  "producthierarchy_level4": "",
  "producthierarchy_level5": "",
  "producthierarchy_level6": "",
  "producthierarchy_level7": "",
  "currency": "Swiss franc",
  "file_name_1": "139637_1.jpg",
  "image_url_1": "https://sortiment.lidl.ch/media/catalog/product/cache/38c728e59b3a47950872534eff8a1e63/1/3/139637_PSXX_1.jpg"
},
{
  "_id": {
    "$oid": "66f3a6e3d23ade1eec55fd2d"
  },
  "unique_id": "127241",
  "product_name": "Bio Parmigiano Reggiano DOP",
  "brand": "Milbona",
  "regular_price": 3.59,
  "selling_price": 3.59,
  "price_per_unit": "pro 125g | 100g = 2.88 CHF",
  "breadcrumb": "Sortiment > Sortiment > Bio Parmigiano Reggiano DOP",
  "pdp_url": "https://sortiment.lidl.ch/de/bio-parmigiano-reggiano-dop-0127241",
  "product_description": "Artikelnr.: 127241",
  "producthierarchy_level1": "Sortiment",
  "producthierarchy_level2": "Sortiment",
  "producthierarchy_level3": "Bio Parmigiano Reggiano DOP",
  "producthierarchy_level4": "",
  "producthierarchy_level5": "",
  "producthierarchy_level6": "",
  "producthierarchy_level7": "",
  "currency": "Swiss franc",
  "file_name_1": "127241_1.jpg",
  "image_url_1": "https://sortiment.lidl.ch/media/catalog/product/cache/38c728e59b3a47950872534eff8a1e63/1/2/127241_PSXX.jpg"
},
{
  "_id": {
    "$oid": "66f3a6e4d23ade1eec55fd2e"
  },
  "unique_id": "72427",
  "product_name": "Schweizer Reibkäse",
  "brand": "Fromani",
  "regular_price": 2.89,
  "selling_price": 2.89,
  "price_per_unit": "pro 250g | 100g = 1.16 CHF",
  "breadcrumb": "Sortiment > Sortiment > Schweizer Reibkäse",
  "pdp_url": "https://sortiment.lidl.ch/de/schweizer-reibkaese-0072427",
  "product_description": "Artikelnr.: 72427",
  "producthierarchy_level1": "Sortiment",
  "producthierarchy_level2": "Sortiment",
  "producthierarchy_level3": "Schweizer Reibkäse",
  "producthierarchy_level4": "",
  "producthierarchy_level5": "",
  "producthierarchy_level6": "",
  "producthierarchy_level7": "",
  "currency": "Swiss franc",
  "file_name_1": "72427_1.jpg",
  "image_url_1": "https://sortiment.lidl.ch/media/catalog/product/cache/38c728e59b3a47950872534eff8a1e63/7/2/72427_PSXX.jpg"
},
{
  "_id": {
    "$oid": "66f3a6e6d23ade1eec55fd2f"
  },
  "unique_id": "29350",
  "product_name": "Grana Padano DOP",
  "brand": "Milbona",
  "regular_price": 3.89,
  "selling_price": 3.89,
  "price_per_unit": "pro 200g | 100g = 1.95 CHF",
  "breadcrumb": "Sortiment > Sortiment > Grana Padano DOP",
  "pdp_url": "https://sortiment.lidl.ch/de/grana-padano-dop-0029350",
  "product_description": "Artikelnr.: 29350",
  "producthierarchy_level1": "Sortiment",
  "producthierarchy_level2": "Sortiment",
  "producthierarchy_level3": "Grana Padano DOP",
  "producthierarchy_level4": "",
  "producthierarchy_level5": "",
  "producthierarchy_level6": "",
  "producthierarchy_level7": "",
  "currency": "Swiss franc",
  "file_name_1": "29350_1.jpg",
  "image_url_1": "https://sortiment.lidl.ch/media/catalog/product/cache/38c728e59b3a47950872534eff8a1e63/2/9/29350_Milbona_PSXX.jpg"
},
{
  "_id": {
    "$oid": "66f3a6e8d23ade1eec55fd30"
  },
  "unique_id": "5222284",
  "product_name": "Cheddar Scheiben",
  "brand": "Milbona",
  "regular_price": 4.49,
  "selling_price": 4.49,
  "price_per_unit": "pro 250g | 100g = 1.80 CHF",
  "breadcrumb": "Sortiment > Sortiment > Cheddar Scheiben",
  "pdp_url": "https://sortiment.lidl.ch/de/cheddar-scheiben-5222284",
  "product_description": "Artikelnr.: 5222284",
  "producthierarchy_level1": "Sortiment",
  "producthierarchy_level2": "Sortiment",
  "producthierarchy_level3": "Cheddar Scheiben",
  "producthierarchy_level4": "",
  "producthierarchy_level5": "",
  "producthierarchy_level6": "",
  "producthierarchy_level7": "",
  "currency": "Swiss franc",
  "file_name_1": "5222284_1.jpg",
  "image_url_1": "https://sortiment.lidl.ch/media/catalog/product/cache/38c728e59b3a47950872534eff8a1e63/5/2/5222284_PSXX_1.jpg"
},
{
  "_id": {
    "$oid": "66f3a6e9d23ade1eec55fd31"
  },
  "unique_id": "5109283",
  "product_name": "1/2 Walliser Mutschli",
  "brand": "Fromani typisch",
  "regular_price": 1.89,
  "selling_price": 1.89,
  "price_per_unit": "pro 100g, ca. 366g",
  "breadcrumb": "Sortiment > Sortiment > 1/2 Walliser Mutschli",
  "pdp_url": "https://sortiment.lidl.ch/de/1-2-walliser-mutschli-5109283",
  "product_description": "Artikelnr.: 5109283",
  "producthierarchy_level1": "Sortiment",
  "producthierarchy_level2": "Sortiment",
  "producthierarchy_level3": "1/2 Walliser Mutschli",
  "producthierarchy_level4": "",
  "producthierarchy_level5": "",
  "producthierarchy_level6": "",
  "producthierarchy_level7": "",
  "currency": "Swiss franc",
  "file_name_1": "5109283_1.jpg",
  "image_url_1": "https://sortiment.lidl.ch/media/catalog/product/cache/38c728e59b3a47950872534eff8a1e63/5/1/5109283_FKBF_1.jpg"
},
{
  "_id": {
    "$oid": "66f3a6ebd23ade1eec55fd32"
  },
  "unique_id": "69995",
  "product_name": "Parmigiano Reggiano DOP",
  "brand": "Milbona",
  "regular_price": 5.99,
  "selling_price": 5.99,
  "price_per_unit": "pro 250g | 100g = 2.40 CHF",
  "breadcrumb": "Sortiment > Sortiment > Parmigiano Reggiano DOP",
  "pdp_url": "https://sortiment.lidl.ch/de/parmigiano-reggiano-dop-0069995",
  "product_description": "Artikelnr.: 69995",
  "producthierarchy_level1": "Sortiment",
  "producthierarchy_level2": "Sortiment",
  "producthierarchy_level3": "Parmigiano Reggiano DOP",
  "producthierarchy_level4": "",
  "producthierarchy_level5": "",
  "producthierarchy_level6": "",
  "producthierarchy_level7": "",
  "currency": "Swiss franc",
  "file_name_1": "69995_1.jpg",
  "image_url_1": "https://sortiment.lidl.ch/media/catalog/product/cache/38c728e59b3a47950872534eff8a1e63/6/9/69995_PSXX_1.jpg"
},
{
  "_id": {
    "$oid": "66f3a6ecd23ade1eec55fd33"
  },
  "unique_id": "6012305",
  "product_name": "Mini Burrata",
  "brand": "Deluxe",
  "regular_price": 4.69,
  "selling_price": 4.69,
  "price_per_unit": "pro 4x50g | 100g = 2.35 CHF",
  "breadcrumb": "Sortiment > Sortiment > Mini Burrata",
  "pdp_url": "https://sortiment.lidl.ch/de/mini-burrata-6012305",
  "product_description": "Artikelnr.: 6012305",
  "producthierarchy_level1": "Sortiment",
  "producthierarchy_level2": "Sortiment",
  "producthierarchy_level3": "Mini Burrata",
  "producthierarchy_level4": "",
  "producthierarchy_level5": "",
  "producthierarchy_level6": "",
  "producthierarchy_level7": "",
  "currency": "Swiss franc",
  "file_name_1": "6012305_1.jpg",
  "image_url_1": "https://sortiment.lidl.ch/media/catalog/product/cache/38c728e59b3a47950872534eff8a1e63/6/0/6012305_2_PSXX.jpg",
  "file_name_2": "6012305_2.jpg",
  "image_url_2": "https://sortiment.lidl.ch/media/catalog/product/cache/38c728e59b3a47950872534eff8a1e63/6/0/6012305_FKBF_1.jpg",
  "file_name_3": "6012305_3.jpg",
  "image_url_3": "https://sortiment.lidl.ch/media/catalog/product/cache/38c728e59b3a47950872534eff8a1e63/6/0/6012305_PSXX_1.jpg"
},
{
  "_id": {
    "$oid": "66f3a6edd23ade1eec55fd34"
  },
  "unique_id": "74726",
  "product_name": "Frischkäse",
  "brand": "Milbona",
  "regular_price": 1.79,
  "selling_price": 1.79,
  "price_per_unit": "pro 300g | 100g = 0.60 CHF",
  "breadcrumb": "Sortiment > Sortiment > Frischkäse",
  "pdp_url": "https://sortiment.lidl.ch/de/frischkaese-0074726",
  "product_description": "Artikelnr.: 74726",
  "producthierarchy_level1": "Sortiment",
  "producthierarchy_level2": "Sortiment",
  "producthierarchy_level3": "Frischkäse",
  "producthierarchy_level4": "",
  "producthierarchy_level5": "",
  "producthierarchy_level6": "",
  "producthierarchy_level7": "",
  "currency": "Swiss franc",
  "file_name_1": "74726_1.jpg",
  "image_url_1": "https://sortiment.lidl.ch/media/catalog/product/cache/38c728e59b3a47950872534eff8a1e63/7/4/74726_Balance_PSXX_1.jpg",
  "file_name_2": "74726_2.jpg",
  "image_url_2": "https://sortiment.lidl.ch/media/catalog/product/cache/38c728e59b3a47950872534eff8a1e63/7/4/74726_Nature_PSXX.jpg"
},
{
  "_id": {
    "$oid": "66f3a6efd23ade1eec55fd35"
  },
  "unique_id": "8431",
  "product_name": "Nestlé Hirz Hüttenkäse Schnittlauch",
  "brand": "Nestlé Hirz",
  "regular_price": 2,
  "selling_price": 1.49,
  "price_per_unit": "pro 200g | 100g = 0.75 CHF",
  "breadcrumb": "Sortiment > Sortiment > Nestlé Hirz Hüttenkäse Schnittlauch",
  "pdp_url": "https://sortiment.lidl.ch/de/nestle-hirz-huettenkaese-schnittlauch-0008431",
  "product_description": "Artikelnr.: 8431 *Konkurrenzvergleich:  25.09.2024",
  "producthierarchy_level1": "Sortiment",
  "producthierarchy_level2": "Sortiment",
  "producthierarchy_level3": "Nestlé Hirz Hüttenkäse Schnittlauch",
  "producthierarchy_level4": "",
  "producthierarchy_level5": "",
  "producthierarchy_level6": "",
  "producthierarchy_level7": "",
  "currency": "Swiss franc",
  "file_name_1": "8431_1.jpg",
  "image_url_1": "https://sortiment.lidl.ch/media/catalog/product/cache/38c728e59b3a47950872534eff8a1e63/8/4/8431_PSXX.jpg"
},
{
  "_id": {
    "$oid": "66f3a6f0d23ade1eec55fd36"
  },
  "unique_id": "5109558",
  "product_name": "Rote Beeren- / Apfel-Kiwisaft",
  "brand": "Solevita",
  "regular_price": 3.29,
  "selling_price": 3.29,
  "price_per_unit": "pro 1000ml",
  "breadcrumb": "Sortiment > Sortiment > Rote Beeren- / Apfel-Kiwisaft",
  "pdp_url": "https://sortiment.lidl.ch/de/rote-beeren-apfel-kiwisaft-5109558",
  "product_description": "Artikelnr.: 5109558",
  "producthierarchy_level1": "Sortiment",
  "producthierarchy_level2": "Sortiment",
  "producthierarchy_level3": "Rote Beeren- / Apfel-Kiwisaft",
  "producthierarchy_level4": "",
  "producthierarchy_level5": "",
  "producthierarchy_level6": "",
  "producthierarchy_level7": "",
  "currency": "Swiss franc",
  "file_name_1": "5109558_1.jpg",
  "image_url_1": "https://sortiment.lidl.ch/media/catalog/product/cache/38c728e59b3a47950872534eff8a1e63/5/1/5109558_Apfel_Kiwi_PSXX.jpg",
  "file_name_2": "5109558_2.jpg",
  "image_url_2": "https://sortiment.lidl.ch/media/catalog/product/cache/38c728e59b3a47950872534eff8a1e63/5/1/5109558_Solevita_RoteFruechte_PSXX.jpg"
},
{
  "_id": {
    "$oid": "66f3a6f1d23ade1eec55fd37"
  },
  "unique_id": "5109554",
  "product_name": "Ananas- / Multifruchtsaft",
  "brand": "Solevita",
  "regular_price": 2.95,
  "selling_price": 2.95,
  "price_per_unit": "pro 1000ml",
  "breadcrumb": "Sortiment > Sortiment > Ananas- / Multifruchtsaft",
  "pdp_url": "https://sortiment.lidl.ch/de/ananas-multifruchtsaft-5109554",
  "product_description": "Artikelnr.: 5109554",
  "producthierarchy_level1": "Sortiment",
  "producthierarchy_level2": "Sortiment",
  "producthierarchy_level3": "Ananas- / Multifruchtsaft",
  "producthierarchy_level4": "",
  "producthierarchy_level5": "",
  "producthierarchy_level6": "",
  "producthierarchy_level7": "",
  "currency": "Swiss franc",
  "file_name_1": "5109554_1.jpg",
  "image_url_1": "https://sortiment.lidl.ch/media/amasty/amoptmobile/catalog/product/cache/38c728e59b3a47950872534eff8a1e63/5/1/5109554_Ananas_PSXX_1.jpg",
  "file_name_2": "5109554_2.jpg",
  "image_url_2": "https://sortiment.lidl.ch/media/catalog/product/cache/38c728e59b3a47950872534eff8a1e63/5/1/5109554_Multifrucht_PSXX_1.jpg",
  "file_name_3": "5109554_3.jpg",
  "image_url_3": "https://sortiment.lidl.ch/media/catalog/product/cache/38c728e59b3a47950872534eff8a1e63/5/1/5109554_Orange_PSXX.jpg"
},
{
  "_id": {
    "$oid": "66f3a6f2d23ade1eec55fd38"
  },
  "unique_id": "5526609",
  "product_name": "Bio Kokoscrème",
  "brand": "Vemondo",
  "regular_price": 0.99,
  "selling_price": 0.99,
  "price_per_unit": "pro 150g | 100g = 0.66 CHF",
  "breadcrumb": "Sortiment > Sortiment > Bio Kokoscrème",
  "pdp_url": "https://sortiment.lidl.ch/de/bio-kokoscreme-5526609",
  "product_description": "Artikelnr.: 5526609",
  "producthierarchy_level1": "Sortiment",
  "producthierarchy_level2": "Sortiment",
  "producthierarchy_level3": "Bio Kokoscrème",
  "producthierarchy_level4": "",
  "producthierarchy_level5": "",
  "producthierarchy_level6": "",
  "producthierarchy_level7": "",
  "currency": "Swiss franc",
  "file_name_1": "5526609_1.jpg",
  "image_url_1": "https://sortiment.lidl.ch/media/catalog/product/cache/38c728e59b3a47950872534eff8a1e63/5/5/5526609_Mango_PSXX_1.jpg",
  "file_name_2": "5526609_2.jpg",
  "image_url_2": "https://sortiment.lidl.ch/media/catalog/product/cache/38c728e59b3a47950872534eff8a1e63/5/5/5526609_Nature_PSXX_1.jpg",
  "file_name_3": "5526609_3.jpg",
  "image_url_3": "https://sortiment.lidl.ch/media/catalog/product/cache/38c728e59b3a47950872534eff8a1e63/5/5/5526609_Pfirsich_PSXX_1.jpg"
},
{
  "_id": {
    "$oid": "66f3a6f3d23ade1eec55fd39"
  },
  "unique_id": "5109770",
  "product_name": "Fruchtjoghurt 3.5% Laktosefrei",
  "brand": "Milbona",
  "regular_price": 0.59,
  "selling_price": 0.59,
  "price_per_unit": "pro 150g | 100g = 0.40 CHF",
  "breadcrumb": "Sortiment > Sortiment > Fruchtjoghurt 3.5% Laktosefrei",
  "pdp_url": "https://sortiment.lidl.ch/de/fruchtjoghurt-3-5-laktosefrei-5109770",
  "product_description": "Artikelnr.: 5109770",
  "producthierarchy_level1": "Sortiment",
  "producthierarchy_level2": "Sortiment",
  "producthierarchy_level3": "Fruchtjoghurt 3.5% Laktosefrei",
  "producthierarchy_level4": "",
  "producthierarchy_level5": "",
  "producthierarchy_level6": "",
  "producthierarchy_level7": "",
  "currency": "Swiss franc",
  "file_name_1": "5109770_1.jpg",
  "image_url_1": "https://sortiment.lidl.ch/media/catalog/product/cache/38c728e59b3a47950872534eff8a1e63/5/1/5109770_Erdbeere_PSXX.jpg",
  "file_name_2": "5109770_2.jpg",
  "image_url_2": "https://sortiment.lidl.ch/media/catalog/product/cache/38c728e59b3a47950872534eff8a1e63/5/1/5109770_Mokka_PSXX.jpg",
  "file_name_3": "5109770_3.jpg",
  "image_url_3": "https://sortiment.lidl.ch/media/catalog/product/cache/38c728e59b3a47950872534eff8a1e63/5/1/5109770_Nature_PSXX.jpg",
  "file_name_4": "5109770_4.jpg",
  "image_url_4": "https://sortiment.lidl.ch/media/catalog/product/cache/38c728e59b3a47950872534eff8a1e63/5/1/5109770_Vanille_PSXX.jpg"
},
{
  "_id": {
    "$oid": "66f3a6f4d23ade1eec55fd3a"
  },
  "unique_id": "150835",
  "product_name": "High Protein Fruchtquark",
  "brand": "Milbona",
  "regular_price": 1.35,
  "selling_price": 1.35,
  "price_per_unit": "pro 200g | 100g = 0.68 CHF",
  "breadcrumb": "Sortiment > Sortiment > High Protein Fruchtquark",
  "pdp_url": "https://sortiment.lidl.ch/de/high-protein-fruchtquark-0150835",
  "product_description": "Artikelnr.: 150835",
  "producthierarchy_level1": "Sortiment",
  "producthierarchy_level2": "Sortiment",
  "producthierarchy_level3": "High Protein Fruchtquark",
  "producthierarchy_level4": "",
  "producthierarchy_level5": "",
  "producthierarchy_level6": "",
  "producthierarchy_level7": "",
  "currency": "Swiss franc",
  "file_name_1": "150835_1.jpg",
  "image_url_1": "https://sortiment.lidl.ch/media/catalog/product/cache/38c728e59b3a47950872534eff8a1e63/1/5/150835_Pfirsich_PSXX.jpg",
  "file_name_2": "150835_2.jpg",
  "image_url_2": "https://sortiment.lidl.ch/media/catalog/product/cache/38c728e59b3a47950872534eff8a1e63/1/5/150835_raspberry_PSXX_1.jpg",
  "file_name_3": "150835_3.jpg",
  "image_url_3": "https://sortiment.lidl.ch/media/catalog/product/cache/38c728e59b3a47950872534eff8a1e63/1/5/150835_strawberry_PSXX_1.jpg",
  "file_name_4": "150835_4.jpg",
  "image_url_4": "https://sortiment.lidl.ch/media/catalog/product/cache/38c728e59b3a47950872534eff8a1e63/1/5/150835_vanilla_PSXX_1.jpg"
},
{
  "_id": {
    "$oid": "66f3a6f5d23ade1eec55fd3b"
  },
  "unique_id": "165369",
  "product_name": "Kaffeegetränk",
  "brand": "Milbona",
  "regular_price": 0.89,
  "selling_price": 0.89,
  "price_per_unit": "pro 250ml | 1L = 3.56 CHF",
  "breadcrumb": "Sortiment > Sortiment > Kaffeegetränk",
  "pdp_url": "https://sortiment.lidl.ch/de/kaffeegetraenk-0165369",
  "product_description": "Artikelnr.: 165369",
  "producthierarchy_level1": "Sortiment",
  "producthierarchy_level2": "Sortiment",
  "producthierarchy_level3": "Kaffeegetränk",
  "producthierarchy_level4": "",
  "producthierarchy_level5": "",
  "producthierarchy_level6": "",
  "producthierarchy_level7": "",
  "currency": "Swiss franc",
  "file_name_1": "165369_1.jpg",
  "image_url_1": "https://sortiment.lidl.ch/media/catalog/product/cache/38c728e59b3a47950872534eff8a1e63/1/6/165369_Cappuccino_PSXX_1.jpg",
  "file_name_2": "165369_2.jpg",
  "image_url_2": "https://sortiment.lidl.ch/media/catalog/product/cache/38c728e59b3a47950872534eff8a1e63/1/6/165369_Espresso_PSXX_1.jpg"
},
{
  "_id": {
    "$oid": "66f3a6f6d23ade1eec55fd3c"
  },
  "unique_id": "5662",
  "product_name": "Pink Grapefruitsaft",
  "brand": "Solevita",
  "regular_price": 2.95,
  "selling_price": 2.95,
  "price_per_unit": "pro 1000ml",
  "breadcrumb": "Sortiment > Sortiment > Pink Grapefruitsaft",
  "pdp_url": "https://sortiment.lidl.ch/de/pink-grapefruitsaft-0005662",
  "product_description": "Artikelnr.: 5662",
  "producthierarchy_level1": "Sortiment",
  "producthierarchy_level2": "Sortiment",
  "producthierarchy_level3": "Pink Grapefruitsaft",
  "producthierarchy_level4": "",
  "producthierarchy_level5": "",
  "producthierarchy_level6": "",
  "producthierarchy_level7": "",
  "currency": "Swiss franc",
  "file_name_1": "5662_1.jpg",
  "image_url_1": "https://sortiment.lidl.ch/media/catalog/product/cache/38c728e59b3a47950872534eff8a1e63/5/6/5662_PinkGrapefruit_PSXX.jpg"
},
{
  "_id": {
    "$oid": "66f3a6f7d23ade1eec55fd3d"
  },
  "unique_id": "5109759",
  "product_name": "Bio Bifidus Naturjoghurt 3.5%",
  "brand": "Milbona",
  "regular_price": 0.65,
  "selling_price": 0.65,
  "price_per_unit": "pro 150g | 100g = 0.44 CHF",
  "breadcrumb": "Sortiment > Sortiment > Bio Bifidus Naturjoghurt 3.5%",
  "pdp_url": "https://sortiment.lidl.ch/de/bio-bifidus-naturjoghurt-3-5-5109759",
  "product_description": "Artikelnr.: 5109759",
  "producthierarchy_level1": "Sortiment",
  "producthierarchy_level2": "Sortiment",
  "producthierarchy_level3": "Bio Bifidus Naturjoghurt 3.5%",
  "producthierarchy_level4": "",
  "producthierarchy_level5": "",
  "producthierarchy_level6": "",
  "producthierarchy_level7": "",
  "currency": "Swiss franc",
  "file_name_1": "5109759_1.jpg",
  "image_url_1": "https://sortiment.lidl.ch/media/catalog/product/cache/38c728e59b3a47950872534eff8a1e63/5/1/5109759_PSXX.jpg"
},
{
  "_id": {
    "$oid": "66f3a6f8d23ade1eec55fd3e"
  },
  "unique_id": "5108478",
  "product_name": "Bio Naturjoghurt 3.5%",
  "brand": "Milbona",
  "regular_price": 0.65,
  "selling_price": 0.65,
  "price_per_unit": "pro 200g | 100g = 0.33 CHF",
  "breadcrumb": "Sortiment > Sortiment > Bio Naturjoghurt 3.5%",
  "pdp_url": "https://sortiment.lidl.ch/de/bio-naturjoghurt-3-5-5108478",
  "product_description": "Artikelnr.: 5108478",
  "producthierarchy_level1": "Sortiment",
  "producthierarchy_level2": "Sortiment",
  "producthierarchy_level3": "Bio Naturjoghurt 3.5%",
  "producthierarchy_level4": "",
  "producthierarchy_level5": "",
  "producthierarchy_level6": "",
  "producthierarchy_level7": "",
  "currency": "Swiss franc",
  "file_name_1": "5108478_1.jpg",
  "image_url_1": "https://sortiment.lidl.ch/media/catalog/product/cache/38c728e59b3a47950872534eff8a1e63/5/1/5108478_PSXX_1.jpg"
},
{
  "_id": {
    "$oid": "66f3a6fad23ade1eec55fd3f"
  },
  "unique_id": "5104919",
  "product_name": "Pouletbrust",
  "brand": "Dulano",
  "regular_price": 1.79,
  "selling_price": 1.79,
  "price_per_unit": "pro 100g",
  "breadcrumb": "Sortiment > Sortiment > Pouletbrust",
  "pdp_url": "https://sortiment.lidl.ch/de/pouletbrust-5104919",
  "product_description": "Artikelnr.: 5104919",
  "producthierarchy_level1": "Sortiment",
  "producthierarchy_level2": "Sortiment",
  "producthierarchy_level3": "Pouletbrust",
  "producthierarchy_level4": "",
  "producthierarchy_level5": "",
  "producthierarchy_level6": "",
  "producthierarchy_level7": "",
  "currency": "Swiss franc",
  "file_name_1": "5104919_1.jpg",
  "image_url_1": "https://sortiment.lidl.ch/media/catalog/product/cache/38c728e59b3a47950872534eff8a1e63/5/1/5104919_Curry_PSXX.jpg",
  "file_name_2": "5104919_2.jpg",
  "image_url_2": "https://sortiment.lidl.ch/media/catalog/product/cache/38c728e59b3a47950872534eff8a1e63/5/1/5104919_FKBF_1.jpg",
  "file_name_3": "5104919_3.jpg",
  "image_url_3": "https://sortiment.lidl.ch/media/catalog/product/cache/38c728e59b3a47950872534eff8a1e63/5/1/5104919_Geraeuchert_PSXX.jpg"
},
{
  "_id": {
    "$oid": "66f3a6fbd23ade1eec55fd40"
  },
  "unique_id": "5108398",
  "product_name": "Rollschinkli aus der Schulter",
  "brand": "Terra Natura",
  "regular_price": 1.59,
  "selling_price": 1.59,
  "price_per_unit": "pro 100g, ca. 800-1200g",
  "breadcrumb": "Sortiment > Sortiment > Rollschinkli aus der Schulter",
  "pdp_url": "https://sortiment.lidl.ch/de/rollschinkli-aus-der-schulter-5108398",
  "product_description": "Artikelnr.: 5108398",
  "producthierarchy_level1": "Sortiment",
  "producthierarchy_level2": "Sortiment",
  "producthierarchy_level3": "Rollschinkli aus der Schulter",
  "producthierarchy_level4": "",
  "producthierarchy_level5": "",
  "producthierarchy_level6": "",
  "producthierarchy_level7": "",
  "currency": "Swiss franc",
  "file_name_1": "5108398_1.jpg",
  "image_url_1": "https://sortiment.lidl.ch/media/catalog/product/cache/38c728e59b3a47950872534eff8a1e63/5/1/5108398_FKBF_1.jpg"
},
{
  "_id": {
    "$oid": "66f3a6fcd23ade1eec55fd41"
  },
  "unique_id": "5109206",
  "product_name": "Culatello Rohschinken",
  "brand": "Deluxe",
  "regular_price": 6.99,
  "selling_price": 6.99,
  "price_per_unit": "pro 80g | 100g = 8.74 CHF",
  "breadcrumb": "Sortiment > Sortiment > Culatello Rohschinken",
  "pdp_url": "https://sortiment.lidl.ch/de/culatello-rohschinken-5109206",
  "product_description": "Artikelnr.: 5109206",
  "producthierarchy_level1": "Sortiment",
  "producthierarchy_level2": "Sortiment",
  "producthierarchy_level3": "Culatello Rohschinken",
  "producthierarchy_level4": "",
  "producthierarchy_level5": "",
  "producthierarchy_level6": "",
  "producthierarchy_level7": "",
  "currency": "Swiss franc",
  "file_name_1": "5109206_1.jpg",
  "image_url_1": "https://sortiment.lidl.ch/media/catalog/product/cache/38c728e59b3a47950872534eff8a1e63/5/1/5109206_PSXX_1.jpg"
},
{
  "_id": {
    "$oid": "66f3a6fed23ade1eec55fd42"
  },
  "unique_id": "128943",
  "product_name": "Fenchelsalami Finocchiona IGP",
  "brand": "Deluxe",
  "regular_price": 4.99,
  "selling_price": 4.99,
  "price_per_unit": "pro 100g",
  "breadcrumb": "Sortiment > Sortiment > Fenchelsalami Finocchiona IGP",
  "pdp_url": "https://sortiment.lidl.ch/de/fenchelsalami-finocchiona-igp-0128943",
  "product_description": "Artikelnr.: 128943",
  "producthierarchy_level1": "Sortiment",
  "producthierarchy_level2": "Sortiment",
  "producthierarchy_level3": "Fenchelsalami Finocchiona IGP",
  "producthierarchy_level4": "",
  "producthierarchy_level5": "",
  "producthierarchy_level6": "",
  "producthierarchy_level7": "",
  "currency": "Swiss franc",
  "file_name_1": "128943_1.jpg",
  "image_url_1": "https://sortiment.lidl.ch/media/catalog/product/cache/38c728e59b3a47950872534eff8a1e63/1/2/128943_FKBF_1.jpg",
  "file_name_2": "128943_2.jpg",
  "image_url_2": "https://sortiment.lidl.ch/media/catalog/product/cache/38c728e59b3a47950872534eff8a1e63/1/2/128943_PSXX_1.jpg"
},
{
  "_id": {
    "$oid": "66f3a6ffd23ade1eec55fd43"
  },
  "unique_id": "2785",
  "product_name": "Salami mit Trüffel",
  "brand": "Deluxe",
  "regular_price": 4.99,
  "selling_price": 4.99,
  "price_per_unit": "pro 70g | 100g = 7.13 CHF",
  "breadcrumb": "Sortiment > Sortiment > Salami mit Trüffel",
  "pdp_url": "https://sortiment.lidl.ch/de/salami-mit-trueffel-0002785",
  "product_description": "Artikelnr.: 2785",
  "producthierarchy_level1": "Sortiment",
  "producthierarchy_level2": "Sortiment",
  "producthierarchy_level3": "Salami mit Trüffel",
  "producthierarchy_level4": "",
  "producthierarchy_level5": "",
  "producthierarchy_level6": "",
  "producthierarchy_level7": "",
  "currency": "Swiss franc",
  "file_name_1": "2785_1.jpg",
  "image_url_1": "https://sortiment.lidl.ch/media/catalog/product/cache/38c728e59b3a47950872534eff8a1e63/2/7/2785_PSXX_1.jpg"
},
{
  "_id": {
    "$oid": "66f3a701d23ade1eec55fd44"
  },
  "unique_id": "5109417",
  "product_name": "Waadtländer Saucisson",
  "brand": "Maestade typisch",
  "regular_price": 2.09,
  "selling_price": 2.09,
  "price_per_unit": "pro 100g, ca. 400-500g",
  "breadcrumb": "Sortiment > Sortiment > Waadtländer Saucisson",
  "pdp_url": "https://sortiment.lidl.ch/de/waadtlaender-saucisson-5109417",
  "product_description": "Artikelnr.: 5109417",
  "producthierarchy_level1": "Sortiment",
  "producthierarchy_level2": "Sortiment",
  "producthierarchy_level3": "Waadtländer Saucisson",
  "producthierarchy_level4": "",
  "producthierarchy_level5": "",
  "producthierarchy_level6": "",
  "producthierarchy_level7": "",
  "currency": "Swiss franc",
  "file_name_1": "5109417_1.jpg",
  "image_url_1": "https://sortiment.lidl.ch/media/catalog/product/cache/38c728e59b3a47950872534eff8a1e63/5/1/5109417_FKBF_1.jpg",
  "file_name_2": "5109417_2.jpg",
  "image_url_2": "https://sortiment.lidl.ch/media/catalog/product/cache/38c728e59b3a47950872534eff8a1e63/5/1/5109417_PSXX.jpg"
},
{
  "_id": {
    "$oid": "66f3a702d23ade1eec55fd45"
  },
  "unique_id": "5109196",
  "product_name": "Grillbratwurst / Kalbsbratwurst",
  "brand": "Maestade",
  "regular_price": 3.39,
  "selling_price": 3.39,
  "price_per_unit": "pro 400g, 440g | 100g = 0.85, 0.78 CHF",
  "breadcrumb": "Sortiment > Sortiment > Grillbratwurst / Kalbsbratwurst",
  "pdp_url": "https://sortiment.lidl.ch/de/grillbratwurst-kalbsbratwurst-5109196",
  "product_description": "Artikelnr.: 5109196",
  "producthierarchy_level1": "Sortiment",
  "producthierarchy_level2": "Sortiment",
  "producthierarchy_level3": "Grillbratwurst / Kalbsbratwurst",
  "producthierarchy_level4": "",
  "producthierarchy_level5": "",
  "producthierarchy_level6": "",
  "producthierarchy_level7": "",
  "currency": "Swiss franc",
  "file_name_1": "5109196_1.jpg",
  "image_url_1": "https://sortiment.lidl.ch/media/catalog/product/cache/38c728e59b3a47950872534eff8a1e63/5/1/5109196_FKBF_1.jpg",
  "file_name_2": "5109196_2.jpg",
  "image_url_2": "https://sortiment.lidl.ch/media/catalog/product/cache/38c728e59b3a47950872534eff8a1e63/5/1/5109196_Grillbratwurst_PSXX.jpg",
  "file_name_3": "5109196_3.jpg",
  "image_url_3": "https://sortiment.lidl.ch/media/catalog/product/cache/38c728e59b3a47950872534eff8a1e63/5/1/5109196_Kalbsbratwurst_PSXX.jpg"
},
{
  "_id": {
    "$oid": "66f3a704d23ade1eec55fd46"
  },
  "unique_id": "5109224",
  "product_name": "Geflügel-Aufschnitt",
  "brand": "Maestade",
  "regular_price": 2.49,
  "selling_price": 2.49,
  "price_per_unit": "pro 200g | 100g = 1.25 CHF",
  "breadcrumb": "Sortiment > Sortiment > Geflügel-Aufschnitt",
  "pdp_url": "https://sortiment.lidl.ch/de/gefluegel-aufschnitt-5109224",
  "product_description": "Artikelnr.: 5109224",
  "producthierarchy_level1": "Sortiment",
  "producthierarchy_level2": "Sortiment",
  "producthierarchy_level3": "Geflügel-Aufschnitt",
  "producthierarchy_level4": "",
  "producthierarchy_level5": "",
  "producthierarchy_level6": "",
  "producthierarchy_level7": "",
  "currency": "Swiss franc",
  "file_name_1": "5109224_1.jpg",
  "image_url_1": "https://sortiment.lidl.ch/media/catalog/product/cache/38c728e59b3a47950872534eff8a1e63/5/1/5109224_FKBF_1.jpg"
},
{
  "_id": {
    "$oid": "66f3a706d23ade1eec55fd47"
  },
  "unique_id": "162068",
  "product_name": "ASC Pangasiusfilet",
  "brand": "Ocean Sea",
  "regular_price": 7.99,
  "selling_price": 7.99,
  "price_per_unit": "pro 900g (Abtropfgewicht) | 100g = 0.89 CHF",
  "breadcrumb": "Sortiment > Sortiment > ASC Pangasiusfilet",
  "pdp_url": "https://sortiment.lidl.ch/de/asc-pangasiusfilet-0162068",
  "product_description": "Artikelnr.: 162068",
  "producthierarchy_level1": "Sortiment",
  "producthierarchy_level2": "Sortiment",
  "producthierarchy_level3": "ASC Pangasiusfilet",
  "producthierarchy_level4": "",
  "producthierarchy_level5": "",
  "producthierarchy_level6": "",
  "producthierarchy_level7": "",
  "currency": "Swiss franc",
  "file_name_1": "162068_1.jpg",
  "image_url_1": "https://sortiment.lidl.ch/media/catalog/product/cache/38c728e59b3a47950872534eff8a1e63/1/6/162068_PSXX_1.jpg"
},
{
  "_id": {
    "$oid": "66f3a707d23ade1eec55fd48"
  },
  "unique_id": "158757",
  "product_name": "ASC Lachsfilet Portionen",
  "brand": "Ocean Sea",
  "regular_price": 11.49,
  "selling_price": 11.49,
  "price_per_unit": "pro 3x125g | 100g = 3.07 CHF",
  "breadcrumb": "Sortiment > Sortiment > ASC Lachsfilet Portionen",
  "pdp_url": "https://sortiment.lidl.ch/de/asc-lachsfilet-portionen-0158757",
  "product_description": "Artikelnr.: 158757",
  "producthierarchy_level1": "Sortiment",
  "producthierarchy_level2": "Sortiment",
  "producthierarchy_level3": "ASC Lachsfilet Portionen",
  "producthierarchy_level4": "",
  "producthierarchy_level5": "",
  "producthierarchy_level6": "",
  "producthierarchy_level7": "",
  "currency": "Swiss franc",
  "file_name_1": "158757_1.jpg",
  "image_url_1": "https://sortiment.lidl.ch/media/catalog/product/cache/38c728e59b3a47950872534eff8a1e63/1/5/158757_PSXX_1.jpg"
},
{
  "_id": {
    "$oid": "66f3a708d23ade1eec55fd49"
  },
  "unique_id": "138311",
  "product_name": "ASC Black Tiger Crevetten",
  "brand": "Ocean Sea",
  "regular_price": 9.99,
  "selling_price": 9.99,
  "price_per_unit": "pro 450g (Abtropfgewicht) | 100g = 2.22 CHF",
  "breadcrumb": "Sortiment > Sortiment > ASC Black Tiger Crevetten",
  "pdp_url": "https://sortiment.lidl.ch/de/asc-black-tiger-crevetten-0138311",
  "product_description": "Artikelnr.: 138311",
  "producthierarchy_level1": "Sortiment",
  "producthierarchy_level2": "Sortiment",
  "producthierarchy_level3": "ASC Black Tiger Crevetten",
  "producthierarchy_level4": "",
  "producthierarchy_level5": "",
  "producthierarchy_level6": "",
  "producthierarchy_level7": "",
  "currency": "Swiss franc",
  "file_name_1": "138311_1.jpg",
  "image_url_1": "https://sortiment.lidl.ch/media/catalog/product/cache/38c728e59b3a47950872534eff8a1e63/1/3/138311_PSXX.jpg"
},
{
  "_id": {
    "$oid": "66f3a70ad23ade1eec55fd4a"
  },
  "unique_id": "137915",
  "product_name": "ASC Crevetten",
  "brand": "Ocean Sea",
  "regular_price": 4.99,
  "selling_price": 4.99,
  "price_per_unit": "pro 180g (Abtropfgewicht) | 100g = 2.78 CHF",
  "breadcrumb": "Sortiment > Sortiment > ASC Crevetten",
  "pdp_url": "https://sortiment.lidl.ch/de/asc-crevetten-0137915",
  "product_description": "Artikelnr.: 137915",
  "producthierarchy_level1": "Sortiment",
  "producthierarchy_level2": "Sortiment",
  "producthierarchy_level3": "ASC Crevetten",
  "producthierarchy_level4": "",
  "producthierarchy_level5": "",
  "producthierarchy_level6": "",
  "producthierarchy_level7": "",
  "currency": "Swiss franc",
  "file_name_1": "137915_1.jpg",
  "image_url_1": "https://sortiment.lidl.ch/media/catalog/product/cache/38c728e59b3a47950872534eff8a1e63/1/3/137915_Kraeuter_PSXX_1.jpg",
  "file_name_2": "137915_2.jpg",
  "image_url_2": "https://sortiment.lidl.ch/media/catalog/product/cache/38c728e59b3a47950872534eff8a1e63/1/3/137915_Nature_PSXX_1.jpg"
},
{
  "_id": {
    "$oid": "66f3a70bd23ade1eec55fd4b"
  },
  "unique_id": "166213",
  "product_name": "Panzerotti",
  "brand": "Trattoria Alfredo",
  "regular_price": 5.99,
  "selling_price": 5.99,
  "price_per_unit": "pro 4x120g | 100g = 1.25 CHF",
  "breadcrumb": "Sortiment > Sortiment > Panzerotti",
  "pdp_url": "https://sortiment.lidl.ch/de/panzerotti-0166213",
  "product_description": "Artikelnr.: 166213",
  "producthierarchy_level1": "Sortiment",
  "producthierarchy_level2": "Sortiment",
  "producthierarchy_level3": "Panzerotti",
  "producthierarchy_level4": "",
  "producthierarchy_level5": "",
  "producthierarchy_level6": "",
  "producthierarchy_level7": "",
  "currency": "Swiss franc",
  "file_name_1": "166213_1.jpg",
  "image_url_1": "https://sortiment.lidl.ch/media/catalog/product/cache/38c728e59b3a47950872534eff8a1e63/1/6/166213_PSXX_1.jpg"
},
{
  "_id": {
    "$oid": "66f3a70cd23ade1eec55fd4c"
  },
  "unique_id": "155023",
  "product_name": "Steinofenpizza Speciale / Diavolo",
  "brand": "Trattoria Alfredo",
  "regular_price": 4.39,
  "selling_price": 4.39,
  "price_per_unit": "pro 2x330g, 2x350g | 100g = 0.67, 0.63 CHF",
  "breadcrumb": "Sortiment > Sortiment > Steinofenpizza Speciale / Diavolo",
  "pdp_url": "https://sortiment.lidl.ch/de/steinofenpizza-speciale-diavolo-0155023",
  "product_description": "Artikelnr.: 155023",
  "producthierarchy_level1": "Sortiment",
  "producthierarchy_level2": "Sortiment",
  "producthierarchy_level3": "Steinofenpizza Speciale / Diavolo",
  "producthierarchy_level4": "",
  "producthierarchy_level5": "",
  "producthierarchy_level6": "",
  "producthierarchy_level7": "",
  "currency": "Swiss franc",
  "file_name_1": "155023_1.jpg",
  "image_url_1": "https://sortiment.lidl.ch/media/catalog/product/cache/38c728e59b3a47950872534eff8a1e63/1/5/155023_Diavolo_PSXX.jpg",
  "file_name_2": "155023_2.jpg",
  "image_url_2": "https://sortiment.lidl.ch/media/catalog/product/cache/38c728e59b3a47950872534eff8a1e63/1/5/155023_Speciale_PSXX.jpg"
},
{
  "_id": {
    "$oid": "66f3a70ed23ade1eec55fd4d"
  },
  "unique_id": "142057",
  "product_name": "Steinofen-Pizza Hawaii / Funghi",
  "brand": "Trattoria Alfredo",
  "regular_price": 4.59,
  "selling_price": 4.59,
  "price_per_unit": "pro 2x355g, 2x365g | 100g = 0.65, 0.63 CHF",
  "breadcrumb": "Sortiment > Sortiment > Steinofen-Pizza Hawaii / Funghi",
  "pdp_url": "https://sortiment.lidl.ch/de/steinofen-pizza-hawaii-funghi-0142057",
  "product_description": "Artikelnr.: 142057",
  "producthierarchy_level1": "Sortiment",
  "producthierarchy_level2": "Sortiment",
  "producthierarchy_level3": "Steinofen-Pizza Hawaii / Funghi",
  "producthierarchy_level4": "",
  "producthierarchy_level5": "",
  "producthierarchy_level6": "",
  "producthierarchy_level7": "",
  "currency": "Swiss franc",
  "file_name_1": "142057_1.jpg",
  "image_url_1": "https://sortiment.lidl.ch/media/catalog/product/cache/38c728e59b3a47950872534eff8a1e63/1/4/142057_Funghi_PSXX_1.jpg",
  "file_name_2": "142057_2.jpg",
  "image_url_2": "https://sortiment.lidl.ch/media/catalog/product/cache/38c728e59b3a47950872534eff8a1e63/1/4/142057_Hawaii_PSXX.jpg"
},
{
  "_id": {
    "$oid": "66f3a70fd23ade1eec55fd4e"
  },
  "unique_id": "62356",
  "product_name": "Pizza Baguette",
  "brand": "Trattoria Alfredo",
  "regular_price": 4.49,
  "selling_price": 4.49,
  "price_per_unit": "pro 750g | 100g = 0.60 CHF",
  "breadcrumb": "Sortiment > Sortiment > Pizza Baguette",
  "pdp_url": "https://sortiment.lidl.ch/de/pizza-baguette-0062356",
  "product_description": "Artikelnr.: 62356",
  "producthierarchy_level1": "Sortiment",
  "producthierarchy_level2": "Sortiment",
  "producthierarchy_level3": "Pizza Baguette",
  "producthierarchy_level4": "",
  "producthierarchy_level5": "",
  "producthierarchy_level6": "",
  "producthierarchy_level7": "",
  "currency": "Swiss franc",
  "file_name_1": "62356_1.jpg",
  "image_url_1": "https://sortiment.lidl.ch/media/catalog/product/cache/38c728e59b3a47950872534eff8a1e63/6/2/62356_Salami_PSXX_1.jpg",
  "file_name_2": "62356_2.jpg",
  "image_url_2": "https://sortiment.lidl.ch/media/catalog/product/cache/38c728e59b3a47950872534eff8a1e63/6/2/62356_Schinken_PSXX_1.jpg",
  "file_name_3": "62356_3.jpg",
  "image_url_3": "https://sortiment.lidl.ch/media/catalog/product/cache/38c728e59b3a47950872534eff8a1e63/6/2/62356_Tomate-Pesto_PSXX_1.jpg",
  "file_name_4": "62356_4.jpg",
  "image_url_4": "https://sortiment.lidl.ch/media/catalog/product/cache/38c728e59b3a47950872534eff8a1e63/6/2/62356_Tomaten_Pesto_PSXX.jpg"
},
{
  "_id": {
    "$oid": "66f3a710d23ade1eec55fd4f"
  },
  "unique_id": "6601570",
  "product_name": "Eis American Style",
  "brand": "Gelatelli",
  "regular_price": 3.95,
  "selling_price": 3.95,
  "price_per_unit": "pro 500ml | 1L = 7.90 CHF",
  "breadcrumb": "Sortiment > Sortiment > Eis American Style",
  "pdp_url": "https://sortiment.lidl.ch/de/eis-american-style-6601570",
  "product_description": "Artikelnr.: 6601570",
  "producthierarchy_level1": "Sortiment",
  "producthierarchy_level2": "Sortiment",
  "producthierarchy_level3": "Eis American Style",
  "producthierarchy_level4": "",
  "producthierarchy_level5": "",
  "producthierarchy_level6": "",
  "producthierarchy_level7": "",
  "currency": "Swiss franc",
  "file_name_1": "6601570_1.jpg",
  "image_url_1": "https://sortiment.lidl.ch/media/catalog/product/cache/38c728e59b3a47950872534eff8a1e63/6/6/6601570_Choco_Brownie_Oben_PSXX.jpg",
  "file_name_2": "6601570_2.jpg",
  "image_url_2": "https://sortiment.lidl.ch/media/catalog/product/cache/38c728e59b3a47950872534eff8a1e63/6/6/6601570_Choco_Brownie_PSXX.jpg",
  "file_name_3": "6601570_3.jpg",
  "image_url_3": "https://sortiment.lidl.ch/media/catalog/product/cache/38c728e59b3a47950872534eff8a1e63/6/6/6601570_CookieDough_PSXX_1.jpg",
  "file_name_4": "6601570_4.jpg",
  "image_url_4": "https://sortiment.lidl.ch/media/catalog/product/cache/38c728e59b3a47950872534eff8a1e63/6/6/6601570_Crunchy_Almond_Oben_PSXX.jpg",
  "file_name_5": "6601570_5.jpg",
  "image_url_5": "https://sortiment.lidl.ch/media/catalog/product/cache/38c728e59b3a47950872534eff8a1e63/6/6/6601570_Crunchy_Almond_PSXX.jpg",
  "file_name_6": "6601570_6.jpg",
  "image_url_6": "https://sortiment.lidl.ch/media/catalog/product/cache/38c728e59b3a47950872534eff8a1e63/6/6/6601570_Dough_Brownie_PSXX.jpg",
  "file_name_7": "6601570_7.jpg",
  "image_url_7": "https://sortiment.lidl.ch/media/catalog/product/cache/38c728e59b3a47950872534eff8a1e63/6/6/6601570_Peantur_Butter_PSXX.jpg",
  "file_name_8": "6601570_8.jpg",
  "image_url_8": "https://sortiment.lidl.ch/media/catalog/product/cache/38c728e59b3a47950872534eff8a1e63/6/6/6601570_Peanut_Butter_Oben_PSXX.jpg",
  "file_name_9": "6601570_9.jpg",
  "image_url_9": "https://sortiment.lidl.ch/media/catalog/product/cache/38c728e59b3a47950872534eff8a1e63/6/6/6601570_Salted_Caramel_Brownie_PSXX.jpg"
},
{
  "_id": {
    "$oid": "66f3a711d23ade1eec55fd50"
  },
  "unique_id": "153118",
  "product_name": "Eiscrème",
  "brand": "Bon Gelati",
  "regular_price": 3.29,
  "selling_price": 3.29,
  "price_per_unit": "pro 1000ml",
  "breadcrumb": "Sortiment > Sortiment > Eiscrème",
  "pdp_url": "https://sortiment.lidl.ch/de/eiscreme-0153118",
  "product_description": "Artikelnr.: 153118",
  "producthierarchy_level1": "Sortiment",
  "producthierarchy_level2": "Sortiment",
  "producthierarchy_level3": "Eiscrème",
  "producthierarchy_level4": "",
  "producthierarchy_level5": "",
  "producthierarchy_level6": "",
  "producthierarchy_level7": "",
  "currency": "Swiss franc",
  "file_name_1": "153118_1.jpg",
  "image_url_1": "https://sortiment.lidl.ch/media/catalog/product/cache/38c728e59b3a47950872534eff8a1e63/1/5/153118_Coffee_PSXX.jpg",
  "file_name_2": "153118_2.jpg",
  "image_url_2": "https://sortiment.lidl.ch/media/catalog/product/cache/38c728e59b3a47950872534eff8a1e63/1/5/153118_Pistazie_PSXX.jpg",
  "file_name_3": "153118_3.jpg",
  "image_url_3": "https://sortiment.lidl.ch/media/catalog/product/cache/38c728e59b3a47950872534eff8a1e63/1/5/153118_salted_caramel_PSXX.jpg"
},
{
  "_id": {
    "$oid": "66f3a712d23ade1eec55fd51"
  },
  "unique_id": "81623",
  "product_name": "BIO Trauben dunkel kernlos 500g",
  "brand": "BIO Organic",
  "regular_price": 2.29,
  "selling_price": 2.29,
  "price_per_unit": "pro 500g | 1Kg = 4.58 CHF",
  "breadcrumb": "Sortiment > Sortiment > BIO Trauben dunkel kernlos 500g",
  "pdp_url": "https://sortiment.lidl.ch/de/bio-trauben-dunkel-kernlos-500g-0081623",
  "product_description": "Artikelnr.: 81623",
  "producthierarchy_level1": "Sortiment",
  "producthierarchy_level2": "Sortiment",
  "producthierarchy_level3": "BIO Trauben dunkel kernlos 500g",
  "producthierarchy_level4": "",
  "producthierarchy_level5": "",
  "producthierarchy_level6": "",
  "producthierarchy_level7": "",
  "currency": "Swiss franc",
  "file_name_1": "81623_1.jpg",
  "image_url_1": "https://sortiment.lidl.ch/media/catalog/product/cache/38c728e59b3a47950872534eff8a1e63/8/1/81623_OGFG_1.jpg"
},
{
  "_id": {
    "$oid": "66f3a713d23ade1eec55fd52"
  },
  "unique_id": "80521",
  "product_name": "Trauben hell XXL 2kg",
  "brand": "",
  "regular_price": 4.99,
  "selling_price": 4.99,
  "price_per_unit": "pro 2kg | 1Kg = 2.50 CHF",
  "breadcrumb": "Sortiment > Sortiment > Trauben hell XXL 2kg",
  "pdp_url": "https://sortiment.lidl.ch/de/trauben-hell-xxl-2kg-0080521",
  "product_description": "Artikelnr.: 80521",
  "producthierarchy_level1": "Sortiment",
  "producthierarchy_level2": "Sortiment",
  "producthierarchy_level3": "Trauben hell XXL 2kg",
  "producthierarchy_level4": "",
  "producthierarchy_level5": "",
  "producthierarchy_level6": "",
  "producthierarchy_level7": "",
  "currency": "Swiss franc",
  "file_name_1": "80521_1.jpg",
  "image_url_1": "https://sortiment.lidl.ch/media/catalog/product/cache/38c728e59b3a47950872534eff8a1e63/8/0/80521_OGFG.jpg"
},
{
  "_id": {
    "$oid": "66f3a714d23ade1eec55fd53"
  },
  "unique_id": "80506",
  "product_name": "Trauben hell kernlos 700g",
  "brand": "",
  "regular_price": 2.99,
  "selling_price": 2.99,
  "price_per_unit": "pro 700g | 1Kg = 4.28 CHF",
  "breadcrumb": "Sortiment > Sortiment > Trauben hell kernlos 700g",
  "pdp_url": "https://sortiment.lidl.ch/de/trauben-hell-kernlos-700g-0080506",
  "product_description": "Artikelnr.: 80506",
  "producthierarchy_level1": "Sortiment",
  "producthierarchy_level2": "Sortiment",
  "producthierarchy_level3": "Trauben hell kernlos 700g",
  "producthierarchy_level4": "",
  "producthierarchy_level5": "",
  "producthierarchy_level6": "",
  "producthierarchy_level7": "",
  "currency": "Swiss franc",
  "file_name_1": "80506_1.jpg",
  "image_url_1": "https://sortiment.lidl.ch/media/catalog/product/cache/38c728e59b3a47950872534eff8a1e63/8/0/80506_OGFG_1.jpg"
},
{
  "_id": {
    "$oid": "66f3a716d23ade1eec55fd54"
  },
  "unique_id": "29059",
  "product_name": "Tortilla Wraps",
  "brand": "Snack Day",
  "regular_price": 1.55,
  "selling_price": 1.55,
  "price_per_unit": "pro 320g | 100g = 0.49 CHF",
  "breadcrumb": "Sortiment > Sortiment > Tortilla Wraps",
  "pdp_url": "https://sortiment.lidl.ch/de/tortilla-wraps-0029059",
  "product_description": "Artikelnr.: 29059",
  "producthierarchy_level1": "Sortiment",
  "producthierarchy_level2": "Sortiment",
  "producthierarchy_level3": "Tortilla Wraps",
  "producthierarchy_level4": "",
  "producthierarchy_level5": "",
  "producthierarchy_level6": "",
  "producthierarchy_level7": "",
  "currency": "Swiss franc",
  "file_name_1": "29059_1.jpg",
  "image_url_1": "https://sortiment.lidl.ch/media/catalog/product/cache/38c728e59b3a47950872534eff8a1e63/2/9/29059_PSXX.jpg"
},
{
  "_id": {
    "$oid": "66f3a717d23ade1eec55fd55"
  },
  "unique_id": "29511",
  "product_name": "Roséwein",
  "brand": "",
  "regular_price": 2.79,
  "selling_price": 2.79,
  "price_per_unit": "pro 1l",
  "breadcrumb": "Sortiment > Sortiment > Roséwein",
  "pdp_url": "https://sortiment.lidl.ch/de/rosewein-0029511",
  "product_description": "Artikelnr.: 29511",
  "producthierarchy_level1": "Sortiment",
  "producthierarchy_level2": "Sortiment",
  "producthierarchy_level3": "Roséwein",
  "producthierarchy_level4": "",
  "producthierarchy_level5": "",
  "producthierarchy_level6": "",
  "producthierarchy_level7": "",
  "currency": "Swiss franc",
  "file_name_1": "29511_1.jpg",
  "image_url_1": "https://sortiment.lidl.ch/media/catalog/product/cache/38c728e59b3a47950872534eff8a1e63/2/9/29511_PSWE.jpg"
},
{
  "_id": {
    "$oid": "66f3a718d23ade1eec55fd56"
  },
  "unique_id": "97197",
  "product_name": "Olivenöl zum Braten",
  "brand": "Primadonna",
  "regular_price": 9.49,
  "selling_price": 9.49,
  "price_per_unit": "pro 1l",
  "breadcrumb": "Sortiment > Sortiment > Olivenöl zum Braten",
  "pdp_url": "https://sortiment.lidl.ch/de/olivenoel-zum-braten-0097197",
  "product_description": "Artikelnr.: 97197",
  "producthierarchy_level1": "Sortiment",
  "producthierarchy_level2": "Sortiment",
  "producthierarchy_level3": "Olivenöl zum Braten",
  "producthierarchy_level4": "",
  "producthierarchy_level5": "",
  "producthierarchy_level6": "",
  "producthierarchy_level7": "",
  "currency": "Swiss franc",
  "file_name_1": "97197_1.jpg",
  "image_url_1": "https://sortiment.lidl.ch/media/amasty/amoptmobile/catalog/product/cache/38c728e59b3a47950872534eff8a1e63/9/7/97197_PSXX_1.jpg"
},
{
  "_id": {
    "$oid": "66f3a719d23ade1eec55fd57"
  },
  "unique_id": "88308",
  "product_name": "Kreuzkümmel",
  "brand": "Kania",
  "regular_price": 0.99,
  "selling_price": 0.99,
  "price_per_unit": "pro 45g | 100g = 2.20 CHF",
  "breadcrumb": "Sortiment > Sortiment > Kreuzkümmel",
  "pdp_url": "https://sortiment.lidl.ch/de/kreuzkuemmel-0088308",
  "product_description": "Artikelnr.: 88308",
  "producthierarchy_level1": "Sortiment",
  "producthierarchy_level2": "Sortiment",
  "producthierarchy_level3": "Kreuzkümmel",
  "producthierarchy_level4": "",
  "producthierarchy_level5": "",
  "producthierarchy_level6": "",
  "producthierarchy_level7": "",
  "currency": "Swiss franc",
  "file_name_1": "88308_1.jpg",
  "image_url_1": "https://sortiment.lidl.ch/media/catalog/product/cache/38c728e59b3a47950872534eff8a1e63/8/8/88308_PSXX.jpg"
},
{
  "_id": {
    "$oid": "66f3a71bd23ade1eec55fd58"
  },
  "unique_id": "12059",
  "product_name": "Cayennepfeffer",
  "brand": "Kania",
  "regular_price": 0.69,
  "selling_price": 0.69,
  "price_per_unit": "pro 50g | 100g = 1.38 CHF",
  "breadcrumb": "Sortiment > Sortiment > Cayennepfeffer",
  "pdp_url": "https://sortiment.lidl.ch/de/cayennepfeffer-0012059",
  "product_description": "Artikelnr.: 12059",
  "producthierarchy_level1": "Sortiment",
  "producthierarchy_level2": "Sortiment",
  "producthierarchy_level3": "Cayennepfeffer",
  "producthierarchy_level4": "",
  "producthierarchy_level5": "",
  "producthierarchy_level6": "",
  "producthierarchy_level7": "",
  "currency": "Swiss franc",
  "file_name_1": "12059_1.jpg",
  "image_url_1": "https://sortiment.lidl.ch/media/catalog/product/cache/38c728e59b3a47950872534eff8a1e63/1/2/12059_PSXX_1.jpg"
},
{
  "_id": {
    "$oid": "66f3a71cd23ade1eec55fd59"
  },
  "unique_id": "1725",
  "product_name": "M&M's",
  "brand": "M&M's",
  "regular_price": 4.49,
  "selling_price": 4.49,
  "price_per_unit": "pro 281g, 330g | 100g = 1.60, 1.37 CHF",
  "breadcrumb": "Sortiment > Sortiment > M&M's",
  "pdp_url": "https://sortiment.lidl.ch/de/m-m-s-0001725",
  "product_description": "Artikelnr.: 1725",
  "producthierarchy_level1": "Sortiment",
  "producthierarchy_level2": "Sortiment",
  "producthierarchy_level3": "M&M's",
  "producthierarchy_level4": "",
  "producthierarchy_level5": "",
  "producthierarchy_level6": "",
  "producthierarchy_level7": "",
  "currency": "Swiss franc",
  "file_name_1": "1725_1.jpg",
  "image_url_1": "https://sortiment.lidl.ch/media/catalog/product/cache/38c728e59b3a47950872534eff8a1e63/1/7/1725_Chocholage_PSXX_1.jpg",
  "file_name_2": "1725_2.jpg",
  "image_url_2": "https://sortiment.lidl.ch/media/catalog/product/cache/38c728e59b3a47950872534eff8a1e63/1/7/1725_Crispy_PSXX_1.jpg",
  "file_name_3": "1725_3.jpg",
  "image_url_3": "https://sortiment.lidl.ch/media/catalog/product/cache/38c728e59b3a47950872534eff8a1e63/1/7/1725_Peanut_PSXX_1.jpg"
},
{
  "_id": {
    "$oid": "66f3a71ed23ade1eec55fd5a"
  },
  "unique_id": "5108323",
  "product_name": "Cottowürfeli",
  "brand": "Maestade",
  "regular_price": 3.29,
  "selling_price": 3.29,
  "price_per_unit": "pro 2x80g | 100g = 2.06 CHF",
  "breadcrumb": "Sortiment > Sortiment > Cottowürfeli",
  "pdp_url": "https://sortiment.lidl.ch/de/cottowuerfeli-5108323",
  "product_description": "Artikelnr.: 5108323",
  "producthierarchy_level1": "Sortiment",
  "producthierarchy_level2": "Sortiment",
  "producthierarchy_level3": "Cottowürfeli",
  "producthierarchy_level4": "",
  "producthierarchy_level5": "",
  "producthierarchy_level6": "",
  "producthierarchy_level7": "",
  "currency": "Swiss franc",
  "file_name_1": "5108323_1.jpg",
  "image_url_1": "https://sortiment.lidl.ch/media/catalog/product/cache/38c728e59b3a47950872534eff8a1e63/5/1/5108323_FKBF_1.jpg",
  "file_name_2": "5108323_2.jpg",
  "image_url_2": "https://sortiment.lidl.ch/media/catalog/product/cache/38c728e59b3a47950872534eff8a1e63/5/1/5108323_PSXX.jpg"
},
{
  "_id": {
    "$oid": "66f3a71fd23ade1eec55fd5b"
  },
  "unique_id": "5108369",
  "product_name": "Fitness Möckli High Protein",
  "brand": "Maestade",
  "regular_price": 4.49,
  "selling_price": 4.49,
  "price_per_unit": "pro 100g",
  "breadcrumb": "Sortiment > Sortiment > Fitness Möckli High Protein",
  "pdp_url": "https://sortiment.lidl.ch/de/fitness-moeckli-high-protein-5108369",
  "product_description": "Artikelnr.: 5108369",
  "producthierarchy_level1": "Sortiment",
  "producthierarchy_level2": "Sortiment",
  "producthierarchy_level3": "Fitness Möckli High Protein",
  "producthierarchy_level4": "",
  "producthierarchy_level5": "",
  "producthierarchy_level6": "",
  "producthierarchy_level7": "",
  "currency": "Swiss franc",
  "file_name_1": "5108369_1.jpg",
  "image_url_1": "https://sortiment.lidl.ch/media/catalog/product/cache/38c728e59b3a47950872534eff8a1e63/5/1/5108369_FKBF_1.jpg"
},
{
  "_id": {
    "$oid": "66f3a720d23ade1eec55fd5c"
  },
  "unique_id": "5108293",
  "product_name": "Speckstäbli",
  "brand": "Maestade",
  "regular_price": 2.99,
  "selling_price": 2.99,
  "price_per_unit": "pro 2x80g | 100g = 1.87 CHF",
  "breadcrumb": "Sortiment > Sortiment > Speckstäbli",
  "pdp_url": "https://sortiment.lidl.ch/de/speckstaebli-5108293",
  "product_description": "Artikelnr.: 5108293",
  "producthierarchy_level1": "Sortiment",
  "producthierarchy_level2": "Sortiment",
  "producthierarchy_level3": "Speckstäbli",
  "producthierarchy_level4": "",
  "producthierarchy_level5": "",
  "producthierarchy_level6": "",
  "producthierarchy_level7": "",
  "currency": "Swiss franc",
  "file_name_1": "5108293_1.jpg",
  "image_url_1": "https://sortiment.lidl.ch/media/catalog/product/cache/38c728e59b3a47950872534eff8a1e63/5/1/5108293_FKBF_1.jpg",
  "file_name_2": "5108293_2.jpg",
  "image_url_2": "https://sortiment.lidl.ch/media/catalog/product/cache/38c728e59b3a47950872534eff8a1e63/5/1/5108293_PSXX.jpg"
},
{
  "_id": {
    "$oid": "66f3a722d23ade1eec55fd5d"
  },
  "unique_id": "2889",
  "product_name": "Kiri Dippi",
  "brand": "Kiri",
  "regular_price": 4.29,
  "selling_price": 3.19,
  "price_per_unit": "pro 175g | LP 100g = 1.83 CHF",
  "breadcrumb": "Sortiment > Sortiment > Kiri Dippi",
  "pdp_url": "https://sortiment.lidl.ch/de/kiri-dippi-0002889",
  "product_description": "Artikelnr.: 2889",
  "producthierarchy_level1": "Sortiment",
  "producthierarchy_level2": "Sortiment",
  "producthierarchy_level3": "Kiri Dippi",
  "producthierarchy_level4": "",
  "producthierarchy_level5": "",
  "producthierarchy_level6": "",
  "producthierarchy_level7": "",
  "currency": "Swiss franc",
  "file_name_1": "2889_1.jpg",
  "image_url_1": "https://sortiment.lidl.ch/media/catalog/product/cache/38c728e59b3a47950872534eff8a1e63/2/8/2889_PSXX.jpg"
},
{
  "_id": {
    "$oid": "66f3a723d23ade1eec55fd5e"
  },
  "unique_id": "84387",
  "product_name": "BIO Buschbohnen 350g",
  "brand": "BIO Organic",
  "regular_price": 2.99,
  "selling_price": 2.99,
  "price_per_unit": "pro 350g | 100g = 0.86 CHF",
  "breadcrumb": "Sortiment > Sortiment > BIO Buschbohnen 350g",
  "pdp_url": "https://sortiment.lidl.ch/de/bio-buschbohnen-350g-0084387",
  "product_description": "Artikelnr.: 84387",
  "producthierarchy_level1": "Sortiment",
  "producthierarchy_level2": "Sortiment",
  "producthierarchy_level3": "BIO Buschbohnen 350g",
  "producthierarchy_level4": "",
  "producthierarchy_level5": "",
  "producthierarchy_level6": "",
  "producthierarchy_level7": "",
  "currency": "Swiss franc",
  "file_name_1": "84387_1.jpg",
  "image_url_1": "https://sortiment.lidl.ch/media/catalog/product/cache/38c728e59b3a47950872534eff8a1e63/8/4/84387_OGFG.jpg"
},
{
  "_id": {
    "$oid": "66f3a725d23ade1eec55fd5f"
  },
  "unique_id": "152671",
  "product_name": "Sekt trocken",
  "brand": "Burg Schöneck",
  "regular_price": 3.95,
  "selling_price": 3.95,
  "price_per_unit": "pro 0,75l | 1L = 5.27 CHF",
  "breadcrumb": "Sortiment > Sortiment > Sekt trocken",
  "pdp_url": "https://sortiment.lidl.ch/de/sekt-trocken-0152671",
  "product_description": "Artikelnr.: 152671",
  "producthierarchy_level1": "Sortiment",
  "producthierarchy_level2": "Sortiment",
  "producthierarchy_level3": "Sekt trocken",
  "producthierarchy_level4": "",
  "producthierarchy_level5": "",
  "producthierarchy_level6": "",
  "producthierarchy_level7": "",
  "currency": "Swiss franc",
  "file_name_1": "152671_1.jpg",
  "image_url_1": "https://sortiment.lidl.ch/media/catalog/product/cache/38c728e59b3a47950872534eff8a1e63/1/5/152671_PSWE.jpg"
},
{
  "_id": {
    "$oid": "66f3a726d23ade1eec55fd60"
  },
  "unique_id": "5108597",
  "product_name": "Durgol Bad-/ Küchenreiniger",
  "brand": "Durgol",
  "regular_price": 6.49,
  "selling_price": 6.49,
  "price_per_unit": "pro 600ml | 1L = 10.82 CHF",
  "breadcrumb": "Sortiment > Sortiment > Durgol Bad-/ Küchenreiniger",
  "pdp_url": "https://sortiment.lidl.ch/de/durgol-bad-kuechenreiniger-5108597",
  "product_description": "Artikelnr.: 5108597",
  "producthierarchy_level1": "Sortiment",
  "producthierarchy_level2": "Sortiment",
  "producthierarchy_level3": "Durgol Bad-/ Küchenreiniger",
  "producthierarchy_level4": "",
  "producthierarchy_level5": "",
  "producthierarchy_level6": "",
  "producthierarchy_level7": "",
  "currency": "Swiss franc",
  "file_name_1": "5108597_1.jpg",
  "image_url_1": "https://sortiment.lidl.ch/media/amasty/amoptmobile/catalog/product/cache/38c728e59b3a47950872534eff8a1e63/5/1/5108597_Cuisine_PSXX_1.jpg",
  "file_name_2": "5108597_2.jpg",
  "image_url_2": "https://sortiment.lidl.ch/media/catalog/product/cache/38c728e59b3a47950872534eff8a1e63/5/1/5108597_Surface_PSXX_1.jpg"
},
{
  "_id": {
    "$oid": "66f3a727d23ade1eec55fd61"
  },
  "unique_id": "38537",
  "product_name": "Primitivo di Manduria DOC",
  "brand": "Maestro de Pigo",
  "regular_price": 8.99,
  "selling_price": 5.99,
  "price_per_unit": "pro 0,75l | 1L = 7.99 CHF",
  "breadcrumb": "Sortiment > Sortiment > Primitivo di Manduria DOC",
  "pdp_url": "https://sortiment.lidl.ch/de/primitivo-di-manduria-doc-0038537",
  "product_description": "Artikelnr.: 38537",
  "producthierarchy_level1": "Sortiment",
  "producthierarchy_level2": "Sortiment",
  "producthierarchy_level3": "Primitivo di Manduria DOC",
  "producthierarchy_level4": "",
  "producthierarchy_level5": "",
  "producthierarchy_level6": "",
  "producthierarchy_level7": "",
  "currency": "Swiss franc",
  "file_name_1": "38537_1.jpg",
  "image_url_1": "https://sortiment.lidl.ch/media/catalog/product/cache/38c728e59b3a47950872534eff8a1e63/3/8/38537_PSWE.jpg"
},
{
  "_id": {
    "$oid": "66f3a729d23ade1eec55fd62"
  },
  "unique_id": "156357",
  "product_name": "Mehrfruchtsaft",
  "brand": "Solevita",
  "regular_price": 2.99,
  "selling_price": 2.99,
  "price_per_unit": "pro 1000ml",
  "breadcrumb": "Sortiment > Sortiment > Mehrfruchtsaft",
  "pdp_url": "https://sortiment.lidl.ch/de/mehrfruchtsaft-0156357",
  "product_description": "Artikelnr.: 156357",
  "producthierarchy_level1": "Sortiment",
  "producthierarchy_level2": "Sortiment",
  "producthierarchy_level3": "Mehrfruchtsaft",
  "producthierarchy_level4": "",
  "producthierarchy_level5": "",
  "producthierarchy_level6": "",
  "producthierarchy_level7": "",
  "currency": "Swiss franc",
  "file_name_1": "156357_1.jpg",
  "image_url_1": "https://sortiment.lidl.ch/media/catalog/product/cache/38c728e59b3a47950872534eff8a1e63/1/5/156357_PSXX_1.jpg"
},
{
  "_id": {
    "$oid": "66f3a72bd23ade1eec55fd63"
  },
  "unique_id": "5107898",
  "product_name": "Kalbs-Cipollata",
  "brand": "Maestade",
  "regular_price": 3.35,
  "selling_price": 3.35,
  "price_per_unit": "pro 200g | 100g = 1.68 CHF",
  "breadcrumb": "Sortiment > Sortiment > Kalbs-Cipollata",
  "pdp_url": "https://sortiment.lidl.ch/de/kalbs-cipollata-5107898",
  "product_description": "Artikelnr.: 5107898",
  "producthierarchy_level1": "Sortiment",
  "producthierarchy_level2": "Sortiment",
  "producthierarchy_level3": "Kalbs-Cipollata",
  "producthierarchy_level4": "",
  "producthierarchy_level5": "",
  "producthierarchy_level6": "",
  "producthierarchy_level7": "",
  "currency": "Swiss franc",
  "file_name_1": "5107898_1.jpg",
  "image_url_1": "https://sortiment.lidl.ch/media/catalog/product/cache/38c728e59b3a47950872534eff8a1e63/5/1/5107898_FKBF_1.jpg",
  "file_name_2": "5107898_2.jpg",
  "image_url_2": "https://sortiment.lidl.ch/media/catalog/product/cache/38c728e59b3a47950872534eff8a1e63/5/1/5107898_PSXX.jpg"
},
{
  "_id": {
    "$oid": "66f3a72cd23ade1eec55fd64"
  },
  "unique_id": "131915",
  "product_name": "Dunkle Schokolade Arriba 85%",
  "brand": "J.D. Gross",
  "regular_price": 1.59,
  "selling_price": 1.59,
  "price_per_unit": "pro 125g | 100g = 1.28 CHF",
  "breadcrumb": "Sortiment > Sortiment > Dunkle Schokolade Arriba 85%",
  "pdp_url": "https://sortiment.lidl.ch/de/dunkle-schokolade-arriba-85-0131915",
  "product_description": "Artikelnr.: 131915",
  "producthierarchy_level1": "Sortiment",
  "producthierarchy_level2": "Sortiment",
  "producthierarchy_level3": "Dunkle Schokolade Arriba 85%",
  "producthierarchy_level4": "",
  "producthierarchy_level5": "",
  "producthierarchy_level6": "",
  "producthierarchy_level7": "",
  "currency": "Swiss franc",
  "file_name_1": "131915_1.jpg",
  "image_url_1": "https://sortiment.lidl.ch/media/catalog/product/cache/38c728e59b3a47950872534eff8a1e63/1/3/131915_PSXX_1.jpg"
},
{
  "_id": {
    "$oid": "66f3a72dd23ade1eec55fd65"
  },
  "unique_id": "19055",
  "product_name": "Bio Schoko-Reiswaffeln",
  "brand": "Sondey",
  "regular_price": 1.35,
  "selling_price": 1.35,
  "price_per_unit": "pro 100g",
  "breadcrumb": "Sortiment > Sortiment > Bio Schoko-Reiswaffeln",
  "pdp_url": "https://sortiment.lidl.ch/de/bio-schoko-reiswaffeln-0019055",
  "product_description": "Artikelnr.: 19055",
  "producthierarchy_level1": "Sortiment",
  "producthierarchy_level2": "Sortiment",
  "producthierarchy_level3": "Bio Schoko-Reiswaffeln",
  "producthierarchy_level4": "",
  "producthierarchy_level5": "",
  "producthierarchy_level6": "",
  "producthierarchy_level7": "",
  "currency": "Swiss franc",
  "file_name_1": "19055_1.jpg",
  "image_url_1": "https://sortiment.lidl.ch/media/catalog/product/cache/38c728e59b3a47950872534eff8a1e63/1/9/19055_Kokos_PSXX_1.jpg",
  "file_name_2": "19055_2.jpg",
  "image_url_2": "https://sortiment.lidl.ch/media/catalog/product/cache/38c728e59b3a47950872534eff8a1e63/1/9/19055_Milch_PSXX.jpg",
  "file_name_3": "19055_3.jpg",
  "image_url_3": "https://sortiment.lidl.ch/media/catalog/product/cache/38c728e59b3a47950872534eff8a1e63/1/9/19055_dunkle_Schokolade_PSXX.jpg"
},
{
  "_id": {
    "$oid": "66f3a72ed23ade1eec55fd66"
  },
  "unique_id": "5107982",
  "product_name": "Kaffeekapseln Ristretto Italiano",
  "brand": "Bellarom",
  "regular_price": 7.89,
  "selling_price": 7.89,
  "price_per_unit": "pro 50 Stück | 100g = 15.78, 2.51 CHF",
  "breadcrumb": "Sortiment > Sortiment > Kaffeekapseln Ristretto Italiano",
  "pdp_url": "https://sortiment.lidl.ch/de/kaffeekapseln-ristretto-italiano-5107982",
  "product_description": "Artikelnr.: 5107982",
  "producthierarchy_level1": "Sortiment",
  "producthierarchy_level2": "Sortiment",
  "producthierarchy_level3": "Kaffeekapseln Ristretto Italiano",
  "producthierarchy_level4": "",
  "producthierarchy_level5": "",
  "producthierarchy_level6": "",
  "producthierarchy_level7": "",
  "currency": "Swiss franc",
  "file_name_1": "5107982_1.jpg",
  "image_url_1": "https://sortiment.lidl.ch/media/catalog/product/cache/38c728e59b3a47950872534eff8a1e63/5/1/5107982_PSXX.jpg"
},
{
  "_id": {
    "$oid": "66f3a72fd23ade1eec55fd67"
  },
  "unique_id": "5107981",
  "product_name": "Kaffeekapseln Lungo Forte",
  "brand": "Bellarom",
  "regular_price": 5.99,
  "selling_price": 5.99,
  "price_per_unit": "pro 24 Stück | 100g = 24.96, 4.16 CHF",
  "breadcrumb": "Sortiment > Sortiment > Kaffeekapseln Lungo Forte",
  "pdp_url": "https://sortiment.lidl.ch/de/kaffeekapseln-lungo-forte-5107981",
  "product_description": "Artikelnr.: 5107981",
  "producthierarchy_level1": "Sortiment",
  "producthierarchy_level2": "Sortiment",
  "producthierarchy_level3": "Kaffeekapseln Lungo Forte",
  "producthierarchy_level4": "",
  "producthierarchy_level5": "",
  "producthierarchy_level6": "",
  "producthierarchy_level7": "",
  "currency": "Swiss franc",
  "file_name_1": "5107981_1.jpg",
  "image_url_1": "https://sortiment.lidl.ch/media/catalog/product/cache/38c728e59b3a47950872534eff8a1e63/5/1/5107981_PSXX.jpg"
},
{
  "_id": {
    "$oid": "66f3a730d23ade1eec55fd68"
  },
  "unique_id": "5107980",
  "product_name": "Kaffeekapseln Espresso Classico",
  "brand": "Bellarom",
  "regular_price": 5.99,
  "selling_price": 5.99,
  "price_per_unit": "pro 24 Stück | 100g = 24.96, 4.16 CHF",
  "breadcrumb": "Sortiment > Sortiment > Kaffeekapseln Espresso Classico",
  "pdp_url": "https://sortiment.lidl.ch/de/kaffeekapseln-espresso-classico-5107980",
  "product_description": "Artikelnr.: 5107980",
  "producthierarchy_level1": "Sortiment",
  "producthierarchy_level2": "Sortiment",
  "producthierarchy_level3": "Kaffeekapseln Espresso Classico",
  "producthierarchy_level4": "",
  "producthierarchy_level5": "",
  "producthierarchy_level6": "",
  "producthierarchy_level7": "",
  "currency": "Swiss franc",
  "file_name_1": "5107980_1.jpg",
  "image_url_1": "https://sortiment.lidl.ch/media/catalog/product/cache/38c728e59b3a47950872534eff8a1e63/5/1/5107980_PSXX.jpg"
},
{
  "_id": {
    "$oid": "66f3a731d23ade1eec55fd69"
  },
  "unique_id": "5107979",
  "product_name": "Kaffeekapseln Lungo Cremissimo",
  "brand": "Bellarom",
  "regular_price": 5.99,
  "selling_price": 5.99,
  "price_per_unit": "pro 24 Stück | 100g = 24.96, 4.16 CHF",
  "breadcrumb": "Sortiment > Sortiment > Kaffeekapseln Lungo Cremissimo",
  "pdp_url": "https://sortiment.lidl.ch/de/kaffeekapseln-lungo-cremissimo-5107979",
  "product_description": "Artikelnr.: 5107979",
  "producthierarchy_level1": "Sortiment",
  "producthierarchy_level2": "Sortiment",
  "producthierarchy_level3": "Kaffeekapseln Lungo Cremissimo",
  "producthierarchy_level4": "",
  "producthierarchy_level5": "",
  "producthierarchy_level6": "",
  "producthierarchy_level7": "",
  "currency": "Swiss franc",
  "file_name_1": "5107979_1.jpg",
  "image_url_1": "https://sortiment.lidl.ch/media/catalog/product/cache/38c728e59b3a47950872534eff8a1e63/5/1/5107979_PSXX.jpg"
},
{
  "_id": {
    "$oid": "66f3a733d23ade1eec55fd6a"
  },
  "unique_id": "5104674",
  "product_name": "Malbuner Party Sticks Poulet",
  "brand": "Malbuner",
  "regular_price": 2.49,
  "selling_price": 2.49,
  "price_per_unit": "pro 40g | 100g = 6.23 CHF",
  "breadcrumb": "Sortiment > Sortiment > Malbuner Party Sticks Poulet",
  "pdp_url": "https://sortiment.lidl.ch/de/malbuner-party-sticks-poulet-5104674",
  "product_description": "Artikelnr.: 5104674",
  "producthierarchy_level1": "Sortiment",
  "producthierarchy_level2": "Sortiment",
  "producthierarchy_level3": "Malbuner Party Sticks Poulet",
  "producthierarchy_level4": "",
  "producthierarchy_level5": "",
  "producthierarchy_level6": "",
  "producthierarchy_level7": "",
  "currency": "Swiss franc",
  "file_name_1": "5104674_1.jpg",
  "image_url_1": "https://sortiment.lidl.ch/media/catalog/product/cache/38c728e59b3a47950872534eff8a1e63/5/1/5104674_Gefluegel_PSXX_1.jpg"
},
{
  "_id": {
    "$oid": "66f3a734d23ade1eec55fd6b"
  },
  "unique_id": "5101586",
  "product_name": "Malbuner Party Sticks Classic",
  "brand": "Malbuner",
  "regular_price": 2.39,
  "selling_price": 2.39,
  "price_per_unit": "pro 40g | 100g = 5.98 CHF",
  "breadcrumb": "Sortiment > Sortiment > Malbuner Party Sticks Classic",
  "pdp_url": "https://sortiment.lidl.ch/de/malbuner-party-sticks-classic-5101586",
  "product_description": "Artikelnr.: 5101586",
  "producthierarchy_level1": "Sortiment",
  "producthierarchy_level2": "Sortiment",
  "producthierarchy_level3": "Malbuner Party Sticks Classic",
  "producthierarchy_level4": "",
  "producthierarchy_level5": "",
  "producthierarchy_level6": "",
  "producthierarchy_level7": "",
  "currency": "Swiss franc",
  "file_name_1": "5101586_1.jpg",
  "image_url_1": "https://sortiment.lidl.ch/media/catalog/product/cache/38c728e59b3a47950872534eff8a1e63/5/1/5101586_Classic_PSXX_1.jpg"
},
{
  "_id": {
    "$oid": "66f3a735d23ade1eec55fd6c"
  },
  "unique_id": "5601454",
  "product_name": "MSC Surimi Sticks",
  "brand": "nautica",
  "regular_price": 3.39,
  "selling_price": 3.39,
  "price_per_unit": "pro 405g | 100g = 0.84 CHF",
  "breadcrumb": "Sortiment > Sortiment > MSC Surimi Sticks",
  "pdp_url": "https://sortiment.lidl.ch/de/msc-surimi-sticks-5601454",
  "product_description": "Artikelnr.: 5601454",
  "producthierarchy_level1": "Sortiment",
  "producthierarchy_level2": "Sortiment",
  "producthierarchy_level3": "MSC Surimi Sticks",
  "producthierarchy_level4": "",
  "producthierarchy_level5": "",
  "producthierarchy_level6": "",
  "producthierarchy_level7": "",
  "currency": "Swiss franc",
  "file_name_1": "5601454_1.jpg",
  "image_url_1": "https://sortiment.lidl.ch/media/catalog/product/cache/38c728e59b3a47950872534eff8a1e63/5/6/5601454_FKBF_1.jpg"
},
{
  "_id": {
    "$oid": "66f3a736d23ade1eec55fd6d"
  },
  "unique_id": "129524",
  "product_name": "Goldkrüstchen",
  "brand": "Grafschafter",
  "regular_price": 2.99,
  "selling_price": 2.99,
  "price_per_unit": "pro 560g | 100g = 0.54 CHF",
  "breadcrumb": "Sortiment > Sortiment > Goldkrüstchen",
  "pdp_url": "https://sortiment.lidl.ch/de/goldkruestchen-0129524",
  "product_description": "Artikelnr.: 129524",
  "producthierarchy_level1": "Sortiment",
  "producthierarchy_level2": "Sortiment",
  "producthierarchy_level3": "Goldkrüstchen",
  "producthierarchy_level4": "",
  "producthierarchy_level5": "",
  "producthierarchy_level6": "",
  "producthierarchy_level7": "",
  "currency": "Swiss franc",
  "file_name_1": "129524_1.jpg",
  "image_url_1": "https://sortiment.lidl.ch/media/catalog/product/cache/38c728e59b3a47950872534eff8a1e63/1/2/129524_PSXX_1.jpg"
},
{
  "_id": {
    "$oid": "66f3a738d23ade1eec55fd6e"
  },
  "unique_id": "119748",
  "product_name": "Bio Mandeln",
  "brand": "Alesto",
  "regular_price": 1.99,
  "selling_price": 1.99,
  "price_per_unit": "pro 150g | 100g = 1.33 CHF",
  "breadcrumb": "Sortiment > Sortiment > Bio Mandeln",
  "pdp_url": "https://sortiment.lidl.ch/de/bio-mandeln-0119748",
  "product_description": "Artikelnr.: 119748",
  "producthierarchy_level1": "Sortiment",
  "producthierarchy_level2": "Sortiment",
  "producthierarchy_level3": "Bio Mandeln",
  "producthierarchy_level4": "",
  "producthierarchy_level5": "",
  "producthierarchy_level6": "",
  "producthierarchy_level7": "",
  "currency": "Swiss franc",
  "file_name_1": "119748_1.jpg",
  "image_url_1": "https://sortiment.lidl.ch/media/catalog/product/cache/38c728e59b3a47950872534eff8a1e63/1/1/119748_PSXX.jpg"
},
{
  "_id": {
    "$oid": "66f3a739d23ade1eec55fd6f"
  },
  "unique_id": "137655",
  "product_name": "Hugo Frizzante",
  "brand": "Allini",
  "regular_price": 0.79,
  "selling_price": 0.79,
  "price_per_unit": "pro 0,2l | 1L = 3.95 CHF",
  "breadcrumb": "Sortiment > Sortiment > Hugo Frizzante",
  "pdp_url": "https://sortiment.lidl.ch/de/hugo-frizzante-0137655",
  "product_description": "Artikelnr.: 137655",
  "producthierarchy_level1": "Sortiment",
  "producthierarchy_level2": "Sortiment",
  "producthierarchy_level3": "Hugo Frizzante",
  "producthierarchy_level4": "",
  "producthierarchy_level5": "",
  "producthierarchy_level6": "",
  "producthierarchy_level7": "",
  "currency": "Swiss franc",
  "file_name_1": "137655_1.jpg",
  "image_url_1": "https://sortiment.lidl.ch/media/catalog/product/cache/38c728e59b3a47950872534eff8a1e63/1/3/137655_Granatapfel_PSWE.jpg",
  "file_name_2": "137655_2.jpg",
  "image_url_2": "https://sortiment.lidl.ch/media/catalog/product/cache/38c728e59b3a47950872534eff8a1e63/1/3/137655_Mango_PSWE.jpg"
},
{
  "_id": {
    "$oid": "66f3a73ad23ade1eec55fd70"
  },
  "unique_id": "140445",
  "product_name": "MSC Thunfischsalat",
  "brand": "Nixe",
  "regular_price": 1.69,
  "selling_price": 1.69,
  "price_per_unit": "pro 160g | 100g = 1.06 CHF",
  "breadcrumb": "Sortiment > Sortiment > MSC Thunfischsalat",
  "pdp_url": "https://sortiment.lidl.ch/de/msc-thunfischsalat-0140445",
  "product_description": "Artikelnr.: 140445",
  "producthierarchy_level1": "Sortiment",
  "producthierarchy_level2": "Sortiment",
  "producthierarchy_level3": "MSC Thunfischsalat",
  "producthierarchy_level4": "",
  "producthierarchy_level5": "",
  "producthierarchy_level6": "",
  "producthierarchy_level7": "",
  "currency": "Swiss franc",
  "file_name_1": "140445_1.jpg",
  "image_url_1": "https://sortiment.lidl.ch/media/catalog/product/cache/38c728e59b3a47950872534eff8a1e63/1/4/140445_Couscou_PSXX_1.jpg",
  "file_name_2": "140445_2.jpg",
  "image_url_2": "https://sortiment.lidl.ch/media/catalog/product/cache/38c728e59b3a47950872534eff8a1e63/1/4/140445_Mexico_PSXX_1.jpg",
  "file_name_3": "140445_3.jpg",
  "image_url_3": "https://sortiment.lidl.ch/media/catalog/product/cache/38c728e59b3a47950872534eff8a1e63/1/4/140445_Western_PSXX_1.jpg"
},
{
  "_id": {
    "$oid": "66f3a73bd23ade1eec55fd71"
  },
  "unique_id": "151573",
  "product_name": "Klarspüler",
  "brand": "W5",
  "regular_price": 1.99,
  "selling_price": 1.99,
  "price_per_unit": "pro 1l",
  "breadcrumb": "Sortiment > Sortiment > Klarspüler",
  "pdp_url": "https://sortiment.lidl.ch/de/klarspueler-0151573",
  "product_description": "Artikelnr.: 151573",
  "producthierarchy_level1": "Sortiment",
  "producthierarchy_level2": "Sortiment",
  "producthierarchy_level3": "Klarspüler",
  "producthierarchy_level4": "",
  "producthierarchy_level5": "",
  "producthierarchy_level6": "",
  "producthierarchy_level7": "",
  "currency": "Swiss franc",
  "file_name_1": "151573_1.jpg",
  "image_url_1": "https://sortiment.lidl.ch/media/catalog/product/cache/38c728e59b3a47950872534eff8a1e63/1/5/151573_PSXX.jpg"
},
{
  "_id": {
    "$oid": "66f3a73cd23ade1eec55fd72"
  },
  "unique_id": "2890",
  "product_name": "Kiri Schmelzkäse Blöcke 10 Stück",
  "brand": "Kiri",
  "regular_price": 3.79,
  "selling_price": 3.79,
  "price_per_unit": "pro 180g | 100g = 2.11 CHF",
  "breadcrumb": "Sortiment > Sortiment > Kiri Schmelzkäse Blöcke 10 Stück",
  "pdp_url": "https://sortiment.lidl.ch/de/kiri-schmelzkaese-bloecke-10-stueck-0002890",
  "product_description": "Artikelnr.: 2890",
  "producthierarchy_level1": "Sortiment",
  "producthierarchy_level2": "Sortiment",
  "producthierarchy_level3": "Kiri Schmelzkäse Blöcke 10 Stück",
  "producthierarchy_level4": "",
  "producthierarchy_level5": "",
  "producthierarchy_level6": "",
  "producthierarchy_level7": "",
  "currency": "Swiss franc",
  "file_name_1": "2890_1.jpg",
  "image_url_1": "https://sortiment.lidl.ch/media/amasty/amoptmobile/catalog/product/cache/38c728e59b3a47950872534eff8a1e63/2/8/2890_PSXX.jpg"
},
{
  "_id": {
    "$oid": "66f3a73dd23ade1eec55fd73"
  },
  "unique_id": "5108468",
  "product_name": "Poulet Oberschenkel",
  "brand": "Bonvalle",
  "regular_price": 5.49,
  "selling_price": 5.49,
  "price_per_unit": "pro 1000g",
  "breadcrumb": "Sortiment > Sortiment > Poulet Oberschenkel",
  "pdp_url": "https://sortiment.lidl.ch/de/poulet-oberschenkel-5108468",
  "product_description": "Artikelnr.: 5108468",
  "producthierarchy_level1": "Sortiment",
  "producthierarchy_level2": "Sortiment",
  "producthierarchy_level3": "Poulet Oberschenkel",
  "producthierarchy_level4": "",
  "producthierarchy_level5": "",
  "producthierarchy_level6": "",
  "producthierarchy_level7": "",
  "currency": "Swiss franc",
  "file_name_1": "5108468_1.jpg",
  "image_url_1": "https://sortiment.lidl.ch/media/catalog/product/cache/38c728e59b3a47950872534eff8a1e63/5/1/5108468_FKBF_1.jpg",
  "file_name_2": "5108468_2.jpg",
  "image_url_2": "https://sortiment.lidl.ch/media/catalog/product/cache/38c728e59b3a47950872534eff8a1e63/5/1/5108468_PSXX.jpg"
},
{
  "_id": {
    "$oid": "66f3a73ed23ade1eec55fd74"
  },
  "unique_id": "5108467",
  "product_name": "Poulet Oberschenkel",
  "brand": "Bonvalle",
  "regular_price": 5.49,
  "selling_price": 5.49,
  "price_per_unit": "pro 1000g",
  "breadcrumb": "Sortiment > Sortiment > Poulet Oberschenkel",
  "pdp_url": "https://sortiment.lidl.ch/de/poulet-oberschenkel-5108467",
  "product_description": "Artikelnr.: 5108467",
  "producthierarchy_level1": "Sortiment",
  "producthierarchy_level2": "Sortiment",
  "producthierarchy_level3": "Poulet Oberschenkel",
  "producthierarchy_level4": "",
  "producthierarchy_level5": "",
  "producthierarchy_level6": "",
  "producthierarchy_level7": "",
  "currency": "Swiss franc",
  "file_name_1": "5108467_1.jpg",
  "image_url_1": "https://sortiment.lidl.ch/media/catalog/product/cache/38c728e59b3a47950872534eff8a1e63/5/1/5108467_FKBF_1.jpg",
  "file_name_2": "5108467_2.jpg",
  "image_url_2": "https://sortiment.lidl.ch/media/catalog/product/cache/38c728e59b3a47950872534eff8a1e63/5/1/5108467_PSXX.jpg"
},
{
  "_id": {
    "$oid": "66f3a73fd23ade1eec55fd75"
  },
  "unique_id": "150827",
  "product_name": "Alm Salami Sticks",
  "brand": "Dulano Selection",
  "regular_price": 3.89,
  "selling_price": 3.89,
  "price_per_unit": "pro 100g, 110g, 120g | 100g = 3.89, 3.54, 3.25 CHF",
  "breadcrumb": "Sortiment > Sortiment > Alm Salami Sticks",
  "pdp_url": "https://sortiment.lidl.ch/de/alm-salami-sticks-0150827",
  "product_description": "Artikelnr.: 150827",
  "producthierarchy_level1": "Sortiment",
  "producthierarchy_level2": "Sortiment",
  "producthierarchy_level3": "Alm Salami Sticks",
  "producthierarchy_level4": "",
  "producthierarchy_level5": "",
  "producthierarchy_level6": "",
  "producthierarchy_level7": "",
  "currency": "Swiss franc",
  "file_name_1": "150827_1.jpg",
  "image_url_1": "https://sortiment.lidl.ch/media/catalog/product/cache/38c728e59b3a47950872534eff8a1e63/1/5/150827_Cabanossi_PSXX_1.jpg",
  "file_name_2": "150827_2.jpg",
  "image_url_2": "https://sortiment.lidl.ch/media/catalog/product/cache/38c728e59b3a47950872534eff8a1e63/1/5/150827_Salami_PSXX_1.jpg",
  "file_name_3": "150827_3.jpg",
  "image_url_3": "https://sortiment.lidl.ch/media/catalog/product/cache/38c728e59b3a47950872534eff8a1e63/1/5/150827_Stangerl_PSXX__1.jpg"
},
{
  "_id": {
    "$oid": "66f3a741d23ade1eec55fd76"
  },
  "unique_id": "5102736",
  "product_name": "Tomme gefüllt",
  "brand": "Deluxe",
  "regular_price": 3.95,
  "selling_price": 3.95,
  "price_per_unit": "pro 120g | 100g = 3.30 CHF",
  "breadcrumb": "Sortiment > Sortiment > Tomme gefüllt",
  "pdp_url": "https://sortiment.lidl.ch/de/tomme-gefuellt-5102736",
  "product_description": "Artikelnr.: 5102736",
  "producthierarchy_level1": "Sortiment",
  "producthierarchy_level2": "Sortiment",
  "producthierarchy_level3": "Tomme gefüllt",
  "producthierarchy_level4": "",
  "producthierarchy_level5": "",
  "producthierarchy_level6": "",
  "producthierarchy_level7": "",
  "currency": "Swiss franc",
  "file_name_1": "5102736_1.jpg",
  "image_url_1": "https://sortiment.lidl.ch/media/catalog/product/cache/38c728e59b3a47950872534eff8a1e63/5/1/5102736_chili_PSXX.jpg",
  "file_name_2": "5102736_2.jpg",
  "image_url_2": "https://sortiment.lidl.ch/media/catalog/product/cache/38c728e59b3a47950872534eff8a1e63/5/1/5102736_steinpilze_PSXX.jpg",
  "file_name_3": "5102736_3.jpg",
  "image_url_3": "https://sortiment.lidl.ch/media/catalog/product/cache/38c728e59b3a47950872534eff8a1e63/5/1/5102736_trueffel_PSXX.jpg"
},
{
  "_id": {
    "$oid": "66f3a742d23ade1eec55fd77"
  },
  "unique_id": "150828",
  "product_name": "High Protein Joghurt",
  "brand": "Milbona",
  "regular_price": 1.39,
  "selling_price": 1.39,
  "price_per_unit": "pro 200g | 100g = 0.70 CHF",
  "breadcrumb": "Sortiment > Sortiment > High Protein Joghurt",
  "pdp_url": "https://sortiment.lidl.ch/de/high-protein-joghurt-0150828",
  "product_description": "Artikelnr.: 150828",
  "producthierarchy_level1": "Sortiment",
  "producthierarchy_level2": "Sortiment",
  "producthierarchy_level3": "High Protein Joghurt",
  "producthierarchy_level4": "",
  "producthierarchy_level5": "",
  "producthierarchy_level6": "",
  "producthierarchy_level7": "",
  "currency": "Swiss franc",
  "file_name_1": "150828_1.jpg",
  "image_url_1": "https://sortiment.lidl.ch/media/catalog/product/cache/38c728e59b3a47950872534eff8a1e63/1/5/150828_Blueberry_PSXX_1.jpg",
  "file_name_2": "150828_2.jpg",
  "image_url_2": "https://sortiment.lidl.ch/media/catalog/product/cache/38c728e59b3a47950872534eff8a1e63/1/5/150828_Raspberry_PSXX_1.jpg",
  "file_name_3": "150828_3.jpg",
  "image_url_3": "https://sortiment.lidl.ch/media/catalog/product/cache/38c728e59b3a47950872534eff8a1e63/1/5/150828_Strawberry_PSXX.jpg"
},
{
  "_id": {
    "$oid": "66f3a744d23ade1eec55fd78"
  },
  "unique_id": "2287",
  "product_name": "Eier Freilandhaltung",
  "brand": "",
  "regular_price": 3.95,
  "selling_price": 3.95,
  "price_per_unit": "pro 10 Stück | 1 Stk = 0.40 CHF",
  "breadcrumb": "Sortiment > Sortiment > Eier Freilandhaltung",
  "pdp_url": "https://sortiment.lidl.ch/de/eier-freilandhaltung-0002287",
  "product_description": "Artikelnr.: 2287",
  "producthierarchy_level1": "Sortiment",
  "producthierarchy_level2": "Sortiment",
  "producthierarchy_level3": "Eier Freilandhaltung",
  "producthierarchy_level4": "",
  "producthierarchy_level5": "",
  "producthierarchy_level6": "",
  "producthierarchy_level7": "",
  "currency": "Swiss franc",
  "file_name_1": "2287_1.jpg",
  "image_url_1": "https://sortiment.lidl.ch/media/catalog/product/cache/38c728e59b3a47950872534eff8a1e63/2/2/2287_01_PSXX.jpg",
  "file_name_2": "2287_2.jpg",
  "image_url_2": "https://sortiment.lidl.ch/media/catalog/product/cache/38c728e59b3a47950872534eff8a1e63/2/2/2287_02_PSXX.jpg"
},
{
  "_id": {
    "$oid": "66f3a745d23ade1eec55fd79"
  },
  "unique_id": "23137",
  "product_name": "Apfelringe",
  "brand": "Sweet Corner",
  "regular_price": 1.95,
  "selling_price": 1.95,
  "price_per_unit": "pro 400g | 100g = 0.49 CHF",
  "breadcrumb": "Sortiment > Sortiment > Apfelringe",
  "pdp_url": "https://sortiment.lidl.ch/de/apfelringe-0023137",
  "product_description": "Artikelnr.: 23137",
  "producthierarchy_level1": "Sortiment",
  "producthierarchy_level2": "Sortiment",
  "producthierarchy_level3": "Apfelringe",
  "producthierarchy_level4": "",
  "producthierarchy_level5": "",
  "producthierarchy_level6": "",
  "producthierarchy_level7": "",
  "currency": "Swiss franc",
  "file_name_1": "23137_1.jpg",
  "image_url_1": "https://sortiment.lidl.ch/media/catalog/product/cache/38c728e59b3a47950872534eff8a1e63/2/3/23137_PSXX_1.jpg"
},
{
  "_id": {
    "$oid": "66f3a746d23ade1eec55fd7a"
  },
  "unique_id": "23136",
  "product_name": "Pfirsichringe",
  "brand": "Sweet Corner",
  "regular_price": 1.95,
  "selling_price": 1.95,
  "price_per_unit": "pro 400g | 100g = 0.49 CHF",
  "breadcrumb": "Sortiment > Sortiment > Pfirsichringe",
  "pdp_url": "https://sortiment.lidl.ch/de/pfirsichringe-0023136",
  "product_description": "Artikelnr.: 23136",
  "producthierarchy_level1": "Sortiment",
  "producthierarchy_level2": "Sortiment",
  "producthierarchy_level3": "Pfirsichringe",
  "producthierarchy_level4": "",
  "producthierarchy_level5": "",
  "producthierarchy_level6": "",
  "producthierarchy_level7": "",
  "currency": "Swiss franc",
  "file_name_1": "23136_1.jpg",
  "image_url_1": "https://sortiment.lidl.ch/media/catalog/product/cache/38c728e59b3a47950872534eff8a1e63/2/3/23136_PSXX_1.jpg"
},
{
  "_id": {
    "$oid": "66f3a747d23ade1eec55fd7b"
  },
  "unique_id": "23135",
  "product_name": "Sour Worms",
  "brand": "Sweet Corner",
  "regular_price": 1.95,
  "selling_price": 1.95,
  "price_per_unit": "pro 400g | 100g = 0.49 CHF",
  "breadcrumb": "Sortiment > Sortiment > Sour Worms",
  "pdp_url": "https://sortiment.lidl.ch/de/sour-worms-0023135",
  "product_description": "Artikelnr.: 23135",
  "producthierarchy_level1": "Sortiment",
  "producthierarchy_level2": "Sortiment",
  "producthierarchy_level3": "Sour Worms",
  "producthierarchy_level4": "",
  "producthierarchy_level5": "",
  "producthierarchy_level6": "",
  "producthierarchy_level7": "",
  "currency": "Swiss franc",
  "file_name_1": "23135_1.jpg",
  "image_url_1": "https://sortiment.lidl.ch/media/catalog/product/cache/38c728e59b3a47950872534eff8a1e63/2/3/23135_PSXX_1.jpg"
},
{
  "_id": {
    "$oid": "66f3a748d23ade1eec55fd7c"
  },
  "unique_id": "126325",
  "product_name": "Bio Couscous / Bio Bulgur",
  "brand": "Golden Sun",
  "regular_price": 1.95,
  "selling_price": 1.95,
  "price_per_unit": "pro 500g | 100g = 0.39 CHF",
  "breadcrumb": "Sortiment > Sortiment > Bio Couscous / Bio Bulgur",
  "pdp_url": "https://sortiment.lidl.ch/de/bio-couscous-bio-bulgur-0126325",
  "product_description": "Artikelnr.: 126325",
  "producthierarchy_level1": "Sortiment",
  "producthierarchy_level2": "Sortiment",
  "producthierarchy_level3": "Bio Couscous / Bio Bulgur",
  "producthierarchy_level4": "",
  "producthierarchy_level5": "",
  "producthierarchy_level6": "",
  "producthierarchy_level7": "",
  "currency": "Swiss franc",
  "file_name_1": "126325_1.jpg",
  "image_url_1": "https://sortiment.lidl.ch/media/catalog/product/cache/38c728e59b3a47950872534eff8a1e63/1/2/126325_Couscous_PSXX_1.jpg",
  "file_name_2": "126325_2.jpg",
  "image_url_2": "https://sortiment.lidl.ch/media/catalog/product/cache/38c728e59b3a47950872534eff8a1e63/1/2/126325_bulgur_PSXX_1.jpg"
},
{
  "_id": {
    "$oid": "66f3a749d23ade1eec55fd7d"
  },
  "unique_id": "80155",
  "product_name": "Saftorangen",
  "brand": "",
  "regular_price": 2.1,
  "selling_price": 2.1,
  "price_per_unit": "pro 1kg",
  "breadcrumb": "Sortiment > Sortiment > Saftorangen",
  "pdp_url": "https://sortiment.lidl.ch/de/saftorangen-0080155",
  "product_description": "Artikelnr.: 80155",
  "producthierarchy_level1": "Sortiment",
  "producthierarchy_level2": "Sortiment",
  "producthierarchy_level3": "Saftorangen",
  "producthierarchy_level4": "",
  "producthierarchy_level5": "",
  "producthierarchy_level6": "",
  "producthierarchy_level7": "",
  "currency": "Swiss franc",
  "file_name_1": "80155_1.jpg",
  "image_url_1": "https://sortiment.lidl.ch/media/catalog/product/cache/38c728e59b3a47950872534eff8a1e63/8/0/80155_OGFG_1.jpg"
},
{
  "_id": {
    "$oid": "66f3a74ad23ade1eec55fd7e"
  },
  "unique_id": "1724",
  "product_name": "Maltesers Maxi",
  "brand": "Maltesers",
  "regular_price": 5.95,
  "selling_price": 5.95,
  "price_per_unit": "pro 300g | 100g = 1.99 CHF",
  "breadcrumb": "Sortiment > Sortiment > Maltesers Maxi",
  "pdp_url": "https://sortiment.lidl.ch/de/maltesers-maxi-0001724",
  "product_description": "Artikelnr.: 1724",
  "producthierarchy_level1": "Sortiment",
  "producthierarchy_level2": "Sortiment",
  "producthierarchy_level3": "Maltesers Maxi",
  "producthierarchy_level4": "",
  "producthierarchy_level5": "",
  "producthierarchy_level6": "",
  "producthierarchy_level7": "",
  "currency": "Swiss franc",
  "file_name_1": "1724_1.jpg",
  "image_url_1": "https://sortiment.lidl.ch/media/catalog/product/cache/38c728e59b3a47950872534eff8a1e63/1/7/1724_Maxi_PSXX.jpg"
},
{
  "_id": {
    "$oid": "66f3a74bd23ade1eec55fd7f"
  },
  "unique_id": "38662",
  "product_name": "Ferrero Kinder Schokolade",
  "brand": "Ferrero",
  "regular_price": 1.69,
  "selling_price": 1.69,
  "price_per_unit": "pro 100g",
  "breadcrumb": "Sortiment > Sortiment > Ferrero Kinder Schokolade",
  "pdp_url": "https://sortiment.lidl.ch/de/ferrero-kinder-schokolade-0038662",
  "product_description": "Artikelnr.: 38662",
  "producthierarchy_level1": "Sortiment",
  "producthierarchy_level2": "Sortiment",
  "producthierarchy_level3": "Ferrero Kinder Schokolade",
  "producthierarchy_level4": "",
  "producthierarchy_level5": "",
  "producthierarchy_level6": "",
  "producthierarchy_level7": "",
  "currency": "Swiss franc",
  "file_name_1": "38662_1.jpg",
  "image_url_1": "https://sortiment.lidl.ch/media/amasty/amoptmobile/catalog/product/cache/38c728e59b3a47950872534eff8a1e63/3/8/38662_PSXX_1.jpg"
},
{
  "_id": {
    "$oid": "66f3a74cd23ade1eec55fd80"
  },
  "unique_id": "3947",
  "product_name": "Cailler Branches Milch",
  "brand": "Cailler",
  "regular_price": 1.59,
  "selling_price": 1.59,
  "price_per_unit": "pro 46g | 100g = 3.46 CHF",
  "breadcrumb": "Sortiment > Sortiment > Cailler Branches Milch",
  "pdp_url": "https://sortiment.lidl.ch/de/cailler-branches-milch-0003947",
  "product_description": "Artikelnr.: 3947",
  "producthierarchy_level1": "Sortiment",
  "producthierarchy_level2": "Sortiment",
  "producthierarchy_level3": "Cailler Branches Milch",
  "producthierarchy_level4": "",
  "producthierarchy_level5": "",
  "producthierarchy_level6": "",
  "producthierarchy_level7": "",
  "currency": "Swiss franc",
  "file_name_1": "3947_1.jpg",
  "image_url_1": "https://sortiment.lidl.ch/media/catalog/product/cache/38c728e59b3a47950872534eff8a1e63/3/9/3947_blue_PSXX_1.jpg",
  "file_name_2": "3947_2.jpg",
  "image_url_2": "https://sortiment.lidl.ch/media/catalog/product/cache/38c728e59b3a47950872534eff8a1e63/3/9/3947_rouge_PSXX_1.jpg",
  "file_name_3": "3947_3.jpg",
  "image_url_3": "https://sortiment.lidl.ch/media/catalog/product/cache/38c728e59b3a47950872534eff8a1e63/3/9/3947_vert_PSXX_1.jpg"
},
{
  "_id": {
    "$oid": "66f3a74dd23ade1eec55fd81"
  },
  "unique_id": "3821",
  "product_name": "San Pellegrino Mineralwasser",
  "brand": "San Pellegrino",
  "regular_price": 1.15,
  "selling_price": 1.15,
  "price_per_unit": "pro 1,25l | 1L = 0.92 CHF",
  "breadcrumb": "Sortiment > Sortiment > San Pellegrino Mineralwasser",
  "pdp_url": "https://sortiment.lidl.ch/de/san-pellegrino-mineralwasser-0003821",
  "product_description": "Artikelnr.: 3821",
  "producthierarchy_level1": "Sortiment",
  "producthierarchy_level2": "Sortiment",
  "producthierarchy_level3": "San Pellegrino Mineralwasser",
  "producthierarchy_level4": "",
  "producthierarchy_level5": "",
  "producthierarchy_level6": "",
  "producthierarchy_level7": "",
  "currency": "Swiss franc",
  "file_name_1": "3821_1.jpg",
  "image_url_1": "https://sortiment.lidl.ch/media/catalog/product/cache/38c728e59b3a47950872534eff8a1e63/3/8/3821_EF_PSXX.jpg",
  "file_name_2": "3821_2.jpg",
  "image_url_2": "https://sortiment.lidl.ch/media/catalog/product/cache/38c728e59b3a47950872534eff8a1e63/3/8/3821_PSXX.jpg"
},
{
  "_id": {
    "$oid": "66f3a74ed23ade1eec55fd82"
  },
  "unique_id": "26937",
  "product_name": "Bordeaux AOP",
  "brand": "",
  "regular_price": 3.99,
  "selling_price": 3.99,
  "price_per_unit": "pro 0,75l | 1L = 5.32 CHF",
  "breadcrumb": "Sortiment > Sortiment > Bordeaux AOP",
  "pdp_url": "https://sortiment.lidl.ch/de/bordeaux-aop-0026937",
  "product_description": "Artikelnr.: 26937",
  "producthierarchy_level1": "Sortiment",
  "producthierarchy_level2": "Sortiment",
  "producthierarchy_level3": "Bordeaux AOP",
  "producthierarchy_level4": "",
  "producthierarchy_level5": "",
  "producthierarchy_level6": "",
  "producthierarchy_level7": "",
  "currency": "Swiss franc",
  "file_name_1": "26937_1.jpg",
  "image_url_1": "https://sortiment.lidl.ch/media/catalog/product/cache/38c728e59b3a47950872534eff8a1e63/2/6/26937_PSWE.jpg"
},
{
  "_id": {
    "$oid": "66f3a74fd23ade1eec55fd83"
  },
  "unique_id": "134185",
  "product_name": "Bio Beeren",
  "brand": "",
  "regular_price": 3.99,
  "selling_price": 3.99,
  "price_per_unit": "pro 300g | 100g = 1.33 CHF",
  "breadcrumb": "Sortiment > Sortiment > Bio Beeren",
  "pdp_url": "https://sortiment.lidl.ch/de/bio-beeren-0134185",
  "product_description": "Artikelnr.: 134185",
  "producthierarchy_level1": "Sortiment",
  "producthierarchy_level2": "Sortiment",
  "producthierarchy_level3": "Bio Beeren",
  "producthierarchy_level4": "",
  "producthierarchy_level5": "",
  "producthierarchy_level6": "",
  "producthierarchy_level7": "",
  "currency": "Swiss franc",
  "file_name_1": "134185_1.jpg",
  "image_url_1": "https://sortiment.lidl.ch/media/catalog/product/cache/38c728e59b3a47950872534eff8a1e63/1/3/134185_Beerenmix_PSXX.jpg",
  "file_name_2": "134185_2.jpg",
  "image_url_2": "https://sortiment.lidl.ch/media/catalog/product/cache/38c728e59b3a47950872534eff8a1e63/1/3/134185_Blaubeere_PSXX.jpg",
  "file_name_3": "134185_3.jpg",
  "image_url_3": "https://sortiment.lidl.ch/media/catalog/product/cache/38c728e59b3a47950872534eff8a1e63/1/3/134185_Himbeere_PSXX.jpg"
},
{
  "_id": {
    "$oid": "66f3a750d23ade1eec55fd84"
  },
  "unique_id": "143719",
  "product_name": "Vodka",
  "brand": "Rachmaninoff",
  "regular_price": 11.45,
  "selling_price": 11.45,
  "price_per_unit": "pro 0,7l | 1L = 16.36 CHF",
  "breadcrumb": "Sortiment > Sortiment > Vodka",
  "pdp_url": "https://sortiment.lidl.ch/de/vodka-0143719",
  "product_description": "Artikelnr.: 143719",
  "producthierarchy_level1": "Sortiment",
  "producthierarchy_level2": "Sortiment",
  "producthierarchy_level3": "Vodka",
  "producthierarchy_level4": "",
  "producthierarchy_level5": "",
  "producthierarchy_level6": "",
  "producthierarchy_level7": "",
  "currency": "Swiss franc",
  "file_name_1": "143719_1.jpg",
  "image_url_1": "https://sortiment.lidl.ch/media/catalog/product/cache/38c728e59b3a47950872534eff8a1e63/1/4/143719_PSXX_1.jpg"
},
{
  "_id": {
    "$oid": "66f3a752d23ade1eec55fd85"
  },
  "unique_id": "6506223",
  "product_name": "MSC Kaltwasser Crevetten XL",
  "brand": "Ocean Sea",
  "regular_price": 4.99,
  "selling_price": 4.99,
  "price_per_unit": "pro 270g Abtropfgewicht | 100g = 1.85 CHF",
  "breadcrumb": "Sortiment > Sortiment > MSC Kaltwasser Crevetten XL",
  "pdp_url": "https://sortiment.lidl.ch/de/msc-kaltwasser-crevetten-xl-6506223",
  "product_description": "Artikelnr.: 6506223",
  "producthierarchy_level1": "Sortiment",
  "producthierarchy_level2": "Sortiment",
  "producthierarchy_level3": "MSC Kaltwasser Crevetten XL",
  "producthierarchy_level4": "",
  "producthierarchy_level5": "",
  "producthierarchy_level6": "",
  "producthierarchy_level7": "",
  "currency": "Swiss franc",
  "file_name_1": "6506223_1.jpg",
  "image_url_1": "https://sortiment.lidl.ch/media/catalog/product/cache/38c728e59b3a47950872534eff8a1e63/6/5/6506223_PSXX_1.jpg"
},
{
  "_id": {
    "$oid": "66f3a753d23ade1eec55fd86"
  },
  "unique_id": "89804",
  "product_name": "Glasnudeln",
  "brand": "Combino",
  "regular_price": 0.99,
  "selling_price": 0.99,
  "price_per_unit": "pro 100g",
  "breadcrumb": "Sortiment > Sortiment > Glasnudeln",
  "pdp_url": "https://sortiment.lidl.ch/de/glasnudeln-0089804",
  "product_description": "Artikelnr.: 89804",
  "producthierarchy_level1": "Sortiment",
  "producthierarchy_level2": "Sortiment",
  "producthierarchy_level3": "Glasnudeln",
  "producthierarchy_level4": "",
  "producthierarchy_level5": "",
  "producthierarchy_level6": "",
  "producthierarchy_level7": "",
  "currency": "Swiss franc",
  "file_name_1": "89804_1.jpg",
  "image_url_1": "https://sortiment.lidl.ch/media/catalog/product/cache/38c728e59b3a47950872534eff8a1e63/8/9/89804_Combino_PSXX.jpg"
},
{
  "_id": {
    "$oid": "66f3a754d23ade1eec55fd87"
  },
  "unique_id": "149146",
  "product_name": "Reisnudeln",
  "brand": "Combino",
  "regular_price": 1.59,
  "selling_price": 1.59,
  "price_per_unit": "pro 200g | 100g = 0.80 CHF",
  "breadcrumb": "Sortiment > Sortiment > Reisnudeln",
  "pdp_url": "https://sortiment.lidl.ch/de/reisnudeln-0149146",
  "product_description": "Artikelnr.: 149146",
  "producthierarchy_level1": "Sortiment",
  "producthierarchy_level2": "Sortiment",
  "producthierarchy_level3": "Reisnudeln",
  "producthierarchy_level4": "",
  "producthierarchy_level5": "",
  "producthierarchy_level6": "",
  "producthierarchy_level7": "",
  "currency": "Swiss franc",
  "file_name_1": "149146_1.jpg",
  "image_url_1": "https://sortiment.lidl.ch/media/amasty/amoptmobile/catalog/product/cache/38c728e59b3a47950872534eff8a1e63/1/4/149146_Combino_PSXX.jpg",
  "file_name_2": "149146_2.jpg",
  "image_url_2": "https://sortiment.lidl.ch/media/amasty/amoptmobile/catalog/product/cache/38c728e59b3a47950872534eff8a1e63/1/4/149146_PSXX.jpg"
},
{
  "_id": {
    "$oid": "66f3a755d23ade1eec55fd88"
  },
  "unique_id": "121650",
  "product_name": "Tropical Fruits",
  "brand": "Sweet Corner",
  "regular_price": 1.49,
  "selling_price": 1.49,
  "price_per_unit": "pro 300g | 100g = 0.50 CHF",
  "breadcrumb": "Sortiment > Sortiment > Tropical Fruits",
  "pdp_url": "https://sortiment.lidl.ch/de/tropical-fruits-0121650",
  "product_description": "Artikelnr.: 121650",
  "producthierarchy_level1": "Sortiment",
  "producthierarchy_level2": "Sortiment",
  "producthierarchy_level3": "Tropical Fruits",
  "producthierarchy_level4": "",
  "producthierarchy_level5": "",
  "producthierarchy_level6": "",
  "producthierarchy_level7": "",
  "currency": "Swiss franc",
  "file_name_1": "121650_1.jpg",
  "image_url_1": "https://sortiment.lidl.ch/media/catalog/product/cache/38c728e59b3a47950872534eff8a1e63/1/2/121650_PSXX_1.jpg"
},
{
  "_id": {
    "$oid": "66f3a756d23ade1eec55fd89"
  },
  "unique_id": "120821",
  "product_name": "Cola",
  "brand": "Sweet Corner",
  "regular_price": 1.29,
  "selling_price": 1.29,
  "price_per_unit": "pro 300g | 100g = 0.43 CHF",
  "breadcrumb": "Sortiment > Sortiment > Cola",
  "pdp_url": "https://sortiment.lidl.ch/de/cola-0120821",
  "product_description": "Artikelnr.: 120821",
  "producthierarchy_level1": "Sortiment",
  "producthierarchy_level2": "Sortiment",
  "producthierarchy_level3": "Cola",
  "producthierarchy_level4": "",
  "producthierarchy_level5": "",
  "producthierarchy_level6": "",
  "producthierarchy_level7": "",
  "currency": "Swiss franc",
  "file_name_1": "120821_1.jpg",
  "image_url_1": "https://sortiment.lidl.ch/media/catalog/product/cache/38c728e59b3a47950872534eff8a1e63/1/2/120821_PSXX.jpg"
},
{
  "_id": {
    "$oid": "66f3a757d23ade1eec55fd8a"
  },
  "unique_id": "5108136",
  "product_name": "Schweinsnierstück à la minute",
  "brand": "Bonvalle",
  "regular_price": 8.49,
  "selling_price": 8.49,
  "price_per_unit": "pro 300g | 100g = 2.83 CHF",
  "breadcrumb": "Sortiment > Sortiment > Schweinsnierstück à la minute",
  "pdp_url": "https://sortiment.lidl.ch/de/schweinsnierstueck-la-minute-5108136",
  "product_description": "Artikelnr.: 5108136",
  "producthierarchy_level1": "Sortiment",
  "producthierarchy_level2": "Sortiment",
  "producthierarchy_level3": "Schweinsnierstück à la minute",
  "producthierarchy_level4": "",
  "producthierarchy_level5": "",
  "producthierarchy_level6": "",
  "producthierarchy_level7": "",
  "currency": "Swiss franc",
  "file_name_1": "5108136_1.jpg",
  "image_url_1": "https://sortiment.lidl.ch/media/catalog/product/cache/38c728e59b3a47950872534eff8a1e63/5/1/5108136_FKBF_1.jpg",
  "file_name_2": "5108136_2.jpg",
  "image_url_2": "https://sortiment.lidl.ch/media/catalog/product/cache/38c728e59b3a47950872534eff8a1e63/5/1/5108136_PSXX.jpg"
},
{
  "_id": {
    "$oid": "66f3a758d23ade1eec55fd8b"
  },
  "unique_id": "5108003",
  "product_name": "Jumbo Mini Candle",
  "brand": "",
  "regular_price": 3.89,
  "selling_price": 3.89,
  "price_per_unit": "pro Stück",
  "breadcrumb": "Sortiment > Sortiment > Jumbo Mini Candle",
  "pdp_url": "https://sortiment.lidl.ch/de/jumbo-mini-candle-5108003",
  "product_description": "Artikelnr.: 5108003",
  "producthierarchy_level1": "Sortiment",
  "producthierarchy_level2": "Sortiment",
  "producthierarchy_level3": "Jumbo Mini Candle",
  "producthierarchy_level4": "",
  "producthierarchy_level5": "",
  "producthierarchy_level6": "",
  "producthierarchy_level7": "",
  "currency": "Swiss franc",
  "file_name_1": "5108003_1.jpg",
  "image_url_1": "https://sortiment.lidl.ch/media/catalog/product/cache/38c728e59b3a47950872534eff8a1e63/5/1/5108003_blue_PSXX_1.jpg",
  "file_name_2": "5108003_2.jpg",
  "image_url_2": "https://sortiment.lidl.ch/media/catalog/product/cache/38c728e59b3a47950872534eff8a1e63/5/1/5108003_pink_PSXX_1.jpg",
  "file_name_3": "5108003_3.jpg",
  "image_url_3": "https://sortiment.lidl.ch/media/catalog/product/cache/38c728e59b3a47950872534eff8a1e63/5/1/5108003_white_PSXX_1.jpg"
},
{
  "_id": {
    "$oid": "66f3a759d23ade1eec55fd8c"
  },
  "unique_id": "143095",
  "product_name": "Pure Taste Katzensnack",
  "brand": "Coshida",
  "regular_price": 1.29,
  "selling_price": 1.29,
  "price_per_unit": "pro 50g | 100g = 2.58 CHF",
  "breadcrumb": "Sortiment > Sortiment > Pure Taste Katzensnack",
  "pdp_url": "https://sortiment.lidl.ch/de/pure-taste-katzensnack-0143095",
  "product_description": "Artikelnr.: 143095",
  "producthierarchy_level1": "Sortiment",
  "producthierarchy_level2": "Sortiment",
  "producthierarchy_level3": "Pure Taste Katzensnack",
  "producthierarchy_level4": "",
  "producthierarchy_level5": "",
  "producthierarchy_level6": "",
  "producthierarchy_level7": "",
  "currency": "Swiss franc",
  "file_name_1": "143095_1.jpg",
  "image_url_1": "https://sortiment.lidl.ch/media/catalog/product/cache/38c728e59b3a47950872534eff8a1e63/1/4/143095_Ente_PSXX_1.jpg",
  "file_name_2": "143095_2.jpg",
  "image_url_2": "https://sortiment.lidl.ch/media/catalog/product/cache/38c728e59b3a47950872534eff8a1e63/1/4/143095_Huhn_PSXX_1.jpg"
},
{
  "_id": {
    "$oid": "66f3a75ad23ade1eec55fd8d"
  },
  "unique_id": "5104951",
  "product_name": "Hendrick's Gin",
  "brand": "",
  "regular_price": 38.89,
  "selling_price": 38.89,
  "price_per_unit": "pro 0,7l | 1L = 55.56 CHF",
  "breadcrumb": "Sortiment > Sortiment > Hendrick's Gin",
  "pdp_url": "https://sortiment.lidl.ch/de/hendrick-s-gin-5104951",
  "product_description": "Artikelnr.: 5104951",
  "producthierarchy_level1": "Sortiment",
  "producthierarchy_level2": "Sortiment",
  "producthierarchy_level3": "Hendrick's Gin",
  "producthierarchy_level4": "",
  "producthierarchy_level5": "",
  "producthierarchy_level6": "",
  "producthierarchy_level7": "",
  "currency": "Swiss franc",
  "file_name_1": "5104951_1.jpg",
  "image_url_1": "https://sortiment.lidl.ch/media/catalog/product/cache/38c728e59b3a47950872534eff8a1e63/5/1/5104951_PSXX.jpg"
},
{
  "_id": {
    "$oid": "66f3a75bd23ade1eec55fd8e"
  },
  "unique_id": "11399",
  "product_name": "Trutensalami hauchdünn",
  "brand": "Dulano",
  "regular_price": 4.99,
  "selling_price": 4.99,
  "price_per_unit": "pro 200g | 100g = 2.50 CHF",
  "breadcrumb": "Sortiment > Sortiment > Trutensalami hauchdünn",
  "pdp_url": "https://sortiment.lidl.ch/de/trutensalami-hauchduenn-0011399",
  "product_description": "Artikelnr.: 11399",
  "producthierarchy_level1": "Sortiment",
  "producthierarchy_level2": "Sortiment",
  "producthierarchy_level3": "Trutensalami hauchdünn",
  "producthierarchy_level4": "",
  "producthierarchy_level5": "",
  "producthierarchy_level6": "",
  "producthierarchy_level7": "",
  "currency": "Swiss franc",
  "file_name_1": "11399_1.jpg",
  "image_url_1": "https://sortiment.lidl.ch/media/catalog/product/cache/38c728e59b3a47950872534eff8a1e63/1/1/11399_FKBF_1.jpg"
},
{
  "_id": {
    "$oid": "66f3a75dd23ade1eec55fd8f"
  },
  "unique_id": "39705",
  "product_name": "Ferrero Kinder Joy",
  "brand": "Ferrero",
  "regular_price": 1.99,
  "selling_price": 1.99,
  "price_per_unit": "pro 20g | 100g = 9.95 CHF",
  "breadcrumb": "Sortiment > Sortiment > Ferrero Kinder Joy",
  "pdp_url": "https://sortiment.lidl.ch/de/ferrero-kinder-joy-0039705",
  "product_description": "Artikelnr.: 39705",
  "producthierarchy_level1": "Sortiment",
  "producthierarchy_level2": "Sortiment",
  "producthierarchy_level3": "Ferrero Kinder Joy",
  "producthierarchy_level4": "",
  "producthierarchy_level5": "",
  "producthierarchy_level6": "",
  "producthierarchy_level7": "",
  "currency": "Swiss franc",
  "file_name_1": "39705_1.jpg",
  "image_url_1": "https://sortiment.lidl.ch/media/catalog/product/cache/38c728e59b3a47950872534eff8a1e63/3/9/39705_PSXX.jpg"
},
{
  "_id": {
    "$oid": "66f3a75ed23ade1eec55fd90"
  },
  "unique_id": "150741",
  "product_name": "High Protein Pudding",
  "brand": "Milbona",
  "regular_price": 1.79,
  "selling_price": 1.79,
  "price_per_unit": "pro 200g | 100g = 0.90 CHF",
  "breadcrumb": "Sortiment > Sortiment > High Protein Pudding",
  "pdp_url": "https://sortiment.lidl.ch/de/high-protein-pudding-0150741",
  "product_description": "Artikelnr.: 150741",
  "producthierarchy_level1": "Sortiment",
  "producthierarchy_level2": "Sortiment",
  "producthierarchy_level3": "High Protein Pudding",
  "producthierarchy_level4": "",
  "producthierarchy_level5": "",
  "producthierarchy_level6": "",
  "producthierarchy_level7": "",
  "currency": "Swiss franc",
  "file_name_1": "150741_1.jpg",
  "image_url_1": "https://sortiment.lidl.ch/media/catalog/product/cache/38c728e59b3a47950872534eff8a1e63/1/5/150741_Schoko_Oben_PSXX.jpg",
  "file_name_2": "150741_2.jpg",
  "image_url_2": "https://sortiment.lidl.ch/media/catalog/product/cache/38c728e59b3a47950872534eff8a1e63/1/5/150741_Schoko_PSXX.jpg",
  "file_name_3": "150741_3.jpg",
  "image_url_3": "https://sortiment.lidl.ch/media/catalog/product/cache/38c728e59b3a47950872534eff8a1e63/1/5/150741_Schoko_Seitlich_PSXX.jpg",
  "file_name_4": "150741_4.jpg",
  "image_url_4": "https://sortiment.lidl.ch/media/catalog/product/cache/38c728e59b3a47950872534eff8a1e63/1/5/150741_Vanille_Oben_PSXX.jpg",
  "file_name_5": "150741_5.jpg",
  "image_url_5": "https://sortiment.lidl.ch/media/catalog/product/cache/38c728e59b3a47950872534eff8a1e63/1/5/150741_Vanille_PSXX.jpg",
  "file_name_6": "150741_6.jpg",
  "image_url_6": "https://sortiment.lidl.ch/media/catalog/product/cache/38c728e59b3a47950872534eff8a1e63/1/5/150741_Vanille_Seitlich_PSXX.jpg"
},
{
  "_id": {
    "$oid": "66f3a75fd23ade1eec55fd91"
  },
  "unique_id": "5108282",
  "product_name": "Cervelas",
  "brand": "Maestade",
  "regular_price": 2.49,
  "selling_price": 2.49,
  "price_per_unit": "pro 2x100g | 100g = 1.25 CHF",
  "breadcrumb": "Sortiment > Sortiment > Cervelas",
  "pdp_url": "https://sortiment.lidl.ch/de/cervelas-5108282",
  "product_description": "Artikelnr.: 5108282",
  "producthierarchy_level1": "Sortiment",
  "producthierarchy_level2": "Sortiment",
  "producthierarchy_level3": "Cervelas",
  "producthierarchy_level4": "",
  "producthierarchy_level5": "",
  "producthierarchy_level6": "",
  "producthierarchy_level7": "",
  "currency": "Swiss franc",
  "file_name_1": "5108282_1.jpg",
  "image_url_1": "https://sortiment.lidl.ch/media/catalog/product/cache/38c728e59b3a47950872534eff8a1e63/5/1/5108282_FKBF_1.jpg",
  "file_name_2": "5108282_2.jpg",
  "image_url_2": "https://sortiment.lidl.ch/media/catalog/product/cache/38c728e59b3a47950872534eff8a1e63/5/1/5108282_PSXX.jpg"
},
{
  "_id": {
    "$oid": "66f3a761d23ade1eec55fd92"
  },
  "unique_id": "5102083",
  "product_name": "Riesencervelas",
  "brand": "Maestade",
  "regular_price": 3.29,
  "selling_price": 3.29,
  "price_per_unit": "pro 3x130g | 100g = 0.85 CHF",
  "breadcrumb": "Sortiment > Sortiment > Riesencervelas",
  "pdp_url": "https://sortiment.lidl.ch/de/riesencervelas-5102083",
  "product_description": "Artikelnr.: 5102083",
  "producthierarchy_level1": "Sortiment",
  "producthierarchy_level2": "Sortiment",
  "producthierarchy_level3": "Riesencervelas",
  "producthierarchy_level4": "",
  "producthierarchy_level5": "",
  "producthierarchy_level6": "",
  "producthierarchy_level7": "",
  "currency": "Swiss franc",
  "file_name_1": "5102083_1.jpg",
  "image_url_1": "https://sortiment.lidl.ch/media/catalog/product/cache/38c728e59b3a47950872534eff8a1e63/5/1/5102083_FKBF_1.jpg",
  "file_name_2": "5102083_2.jpg",
  "image_url_2": "https://sortiment.lidl.ch/media/catalog/product/cache/38c728e59b3a47950872534eff8a1e63/5/1/5102083_PSXX.jpg"
},
{
  "_id": {
    "$oid": "66f3a762d23ade1eec55fd93"
  },
  "unique_id": "5105970",
  "product_name": "Eve Litchi",
  "brand": "Eve",
  "regular_price": 10.49,
  "selling_price": 10.49,
  "price_per_unit": "pro 4x0,275l | 1L = 9.54 CHF",
  "breadcrumb": "Sortiment > Sortiment > Eve Litchi",
  "pdp_url": "https://sortiment.lidl.ch/de/eve-litchi-5105970",
  "product_description": "Artikelnr.: 5105970",
  "producthierarchy_level1": "Sortiment",
  "producthierarchy_level2": "Sortiment",
  "producthierarchy_level3": "Eve Litchi",
  "producthierarchy_level4": "",
  "producthierarchy_level5": "",
  "producthierarchy_level6": "",
  "producthierarchy_level7": "",
  "currency": "Swiss franc",
  "file_name_1": "5105970_1.jpg",
  "image_url_1": "https://sortiment.lidl.ch/media/catalog/product/cache/38c728e59b3a47950872534eff8a1e63/5/1/5105970_4Pack_PSXX.jpg"
},
{
  "_id": {
    "$oid": "66f3a763d23ade1eec55fd94"
  },
  "unique_id": "5107978",
  "product_name": "Ramseier Apfelschorle",
  "brand": "Ramseier",
  "regular_price": 1.59,
  "selling_price": 1.59,
  "price_per_unit": "pro 0,5l | 1L = 3.18 CHF",
  "breadcrumb": "Sortiment > Sortiment > Ramseier Apfelschorle",
  "pdp_url": "https://sortiment.lidl.ch/de/ramseier-apfelschorle-5107978",
  "product_description": "Artikelnr.: 5107978",
  "producthierarchy_level1": "Sortiment",
  "producthierarchy_level2": "Sortiment",
  "producthierarchy_level3": "Ramseier Apfelschorle",
  "producthierarchy_level4": "",
  "producthierarchy_level5": "",
  "producthierarchy_level6": "",
  "producthierarchy_level7": "",
  "currency": "Swiss franc",
  "file_name_1": "5107978_1.jpg",
  "image_url_1": "https://sortiment.lidl.ch/media/catalog/product/cache/38c728e59b3a47950872534eff8a1e63/5/1/5107978_6Pack_PSXX.jpg",
  "file_name_2": "5107978_2.jpg",
  "image_url_2": "https://sortiment.lidl.ch/media/catalog/product/cache/38c728e59b3a47950872534eff8a1e63/5/1/5107978_EF_PSXX.jpg"
},
{
  "_id": {
    "$oid": "66f3a764d23ade1eec55fd95"
  },
  "unique_id": "5106739",
  "product_name": "Kägi fret",
  "brand": "Kägi",
  "regular_price": 1.99,
  "selling_price": 1.99,
  "price_per_unit": "pro 50g | 100g = 3.98 CHF",
  "breadcrumb": "Sortiment > Sortiment > Kägi fret",
  "pdp_url": "https://sortiment.lidl.ch/de/kaegi-fret-5106739",
  "product_description": "Artikelnr.: 5106739",
  "producthierarchy_level1": "Sortiment",
  "producthierarchy_level2": "Sortiment",
  "producthierarchy_level3": "Kägi fret",
  "producthierarchy_level4": "",
  "producthierarchy_level5": "",
  "producthierarchy_level6": "",
  "producthierarchy_level7": "",
  "currency": "Swiss franc",
  "file_name_1": "5106739_1.jpg",
  "image_url_1": "https://sortiment.lidl.ch/media/catalog/product/cache/38c728e59b3a47950872534eff8a1e63/5/1/5106739_PSXX.jpg"
},
{
  "_id": {
    "$oid": "66f3a766d23ade1eec55fd96"
  },
  "unique_id": "148613",
  "product_name": "Single Grain Scotch 12 Jahre",
  "brand": "Targe",
  "regular_price": 27.95,
  "selling_price": 27.95,
  "price_per_unit": "pro 0,7l | 1L = 39.93 CHF",
  "breadcrumb": "Sortiment > Sortiment > Single Grain Scotch 12 Jahre",
  "pdp_url": "https://sortiment.lidl.ch/de/single-grain-scotch-12-jahre-0148613",
  "product_description": "Artikelnr.: 148613",
  "producthierarchy_level1": "Sortiment",
  "producthierarchy_level2": "Sortiment",
  "producthierarchy_level3": "Single Grain Scotch 12 Jahre",
  "producthierarchy_level4": "",
  "producthierarchy_level5": "",
  "producthierarchy_level6": "",
  "producthierarchy_level7": "",
  "currency": "Swiss franc",
  "file_name_1": "148613_1.jpg",
  "image_url_1": "https://sortiment.lidl.ch/media/catalog/product/cache/38c728e59b3a47950872534eff8a1e63/1/4/148613_PSXX_1.jpg"
},
{
  "_id": {
    "$oid": "66f3a767d23ade1eec55fd97"
  },
  "unique_id": "97610",
  "product_name": "Spargelspitzen weiss",
  "brand": "Freshona",
  "regular_price": 1.59,
  "selling_price": 1.59,
  "price_per_unit": "pro 110g (Abtropfgewicht) | 100g = 1.45 CHF",
  "breadcrumb": "Sortiment > Sortiment > Spargelspitzen weiss",
  "pdp_url": "https://sortiment.lidl.ch/de/spargelspitzen-weiss-0097610",
  "product_description": "Artikelnr.: 97610",
  "producthierarchy_level1": "Sortiment",
  "producthierarchy_level2": "Sortiment",
  "producthierarchy_level3": "Spargelspitzen weiss",
  "producthierarchy_level4": "",
  "producthierarchy_level5": "",
  "producthierarchy_level6": "",
  "producthierarchy_level7": "",
  "currency": "Swiss franc",
  "file_name_1": "97610_1.jpg",
  "image_url_1": "https://sortiment.lidl.ch/media/catalog/product/cache/38c728e59b3a47950872534eff8a1e63/9/7/97610_PSXX.jpg"
},
{
  "_id": {
    "$oid": "66f3a768d23ade1eec55fd98"
  },
  "unique_id": "132202",
  "product_name": "Müllbeutel 25l mit Henkel",
  "brand": "Purio",
  "regular_price": 1.45,
  "selling_price": 1.45,
  "price_per_unit": "pro 50 Stück | 1 Stk = 0.03 CHF",
  "breadcrumb": "Sortiment > Sortiment > Müllbeutel 25l mit Henkel",
  "pdp_url": "https://sortiment.lidl.ch/de/muellbeutel-25l-mit-henkel-0132202",
  "product_description": "Artikelnr.: 132202",
  "producthierarchy_level1": "Sortiment",
  "producthierarchy_level2": "Sortiment",
  "producthierarchy_level3": "Müllbeutel 25l mit Henkel",
  "producthierarchy_level4": "",
  "producthierarchy_level5": "",
  "producthierarchy_level6": "",
  "producthierarchy_level7": "",
  "currency": "Swiss franc",
  "file_name_1": "132202_1.jpg",
  "image_url_1": "https://sortiment.lidl.ch/media/catalog/product/cache/38c728e59b3a47950872534eff8a1e63/1/3/132202_PSXX.jpg"
},
{
  "_id": {
    "$oid": "66f3a76ad23ade1eec55fd99"
  },
  "unique_id": "3052",
  "product_name": "Thomy Dressing",
  "brand": "Thomy",
  "regular_price": 3.95,
  "selling_price": 3.95,
  "price_per_unit": "pro 0,7l | 1L = 5.65 CHF",
  "breadcrumb": "Sortiment > Sortiment > Thomy Dressing",
  "pdp_url": "https://sortiment.lidl.ch/de/thomy-dressing-0003052",
  "product_description": "Artikelnr.: 3052",
  "producthierarchy_level1": "Sortiment",
  "producthierarchy_level2": "Sortiment",
  "producthierarchy_level3": "Thomy Dressing",
  "producthierarchy_level4": "",
  "producthierarchy_level5": "",
  "producthierarchy_level6": "",
  "producthierarchy_level7": "",
  "currency": "Swiss franc",
  "file_name_1": "3052_1.jpg",
  "image_url_1": "https://sortiment.lidl.ch/media/catalog/product/cache/38c728e59b3a47950872534eff8a1e63/3/0/3052_French_PSXX.jpg",
  "file_name_2": "3052_2.jpg",
  "image_url_2": "https://sortiment.lidl.ch/media/catalog/product/cache/38c728e59b3a47950872534eff8a1e63/3/0/3052_HerbsLight_PSXX.jpg",
  "file_name_3": "3052_3.jpg",
  "image_url_3": "https://sortiment.lidl.ch/media/catalog/product/cache/38c728e59b3a47950872534eff8a1e63/3/0/3052_Herbs_PSXX.jpg",
  "file_name_4": "3052_4.jpg",
  "image_url_4": "https://sortiment.lidl.ch/media/catalog/product/cache/38c728e59b3a47950872534eff8a1e63/3/0/3052_Italian_PSXX.jpg"
},
{
  "_id": {
    "$oid": "66f3a76bd23ade1eec55fd9a"
  },
  "unique_id": "6009418",
  "product_name": "Ricotta",
  "brand": "Milbona",
  "regular_price": 1.69,
  "selling_price": 1.69,
  "price_per_unit": "pro 250g | 100g = 0.68 CHF",
  "breadcrumb": "Sortiment > Sortiment > Ricotta",
  "pdp_url": "https://sortiment.lidl.ch/de/ricotta-6009418",
  "product_description": "Artikelnr.: 6009418",
  "producthierarchy_level1": "Sortiment",
  "producthierarchy_level2": "Sortiment",
  "producthierarchy_level3": "Ricotta",
  "producthierarchy_level4": "",
  "producthierarchy_level5": "",
  "producthierarchy_level6": "",
  "producthierarchy_level7": "",
  "currency": "Swiss franc",
  "file_name_1": "6009418_1.jpg",
  "image_url_1": "https://sortiment.lidl.ch/media/catalog/product/cache/38c728e59b3a47950872534eff8a1e63/6/0/6009418_PSXX_1.jpg"
},
{
  "_id": {
    "$oid": "66f3a76cd23ade1eec55fd9b"
  },
  "unique_id": "3888",
  "product_name": "Knorr Carbonara Sauce",
  "brand": "Knorr",
  "regular_price": 1.95,
  "selling_price": 1.95,
  "price_per_unit": "pro 28g | 100g = 6.97 CHF",
  "breadcrumb": "Sortiment > Sortiment > Knorr Carbonara Sauce",
  "pdp_url": "https://sortiment.lidl.ch/de/knorr-carbonara-sauce-0003888",
  "product_description": "Artikelnr.: 3888 *Konkurrenzvergleich:  04.06.2020",
  "producthierarchy_level1": "Sortiment",
  "producthierarchy_level2": "Sortiment",
  "producthierarchy_level3": "Knorr Carbonara Sauce",
  "producthierarchy_level4": "",
  "producthierarchy_level5": "",
  "producthierarchy_level6": "",
  "producthierarchy_level7": "",
  "currency": "Swiss franc",
  "file_name_1": "3888_1.jpg",
  "image_url_1": "https://sortiment.lidl.ch/media/catalog/product/cache/38c728e59b3a47950872534eff8a1e63/3/8/3888_PSXX.jpg"
},
{
  "_id": {
    "$oid": "66f3a76dd23ade1eec55fd9c"
  },
  "unique_id": "152811",
  "product_name": "Nuss-Nougat Gipfeli",
  "brand": "",
  "regular_price": 1.39,
  "selling_price": 1.39,
  "price_per_unit": "pro 85g | 100g = 1.64 CHF",
  "breadcrumb": "Sortiment > Sortiment > Nuss-Nougat Gipfeli",
  "pdp_url": "https://sortiment.lidl.ch/de/nuss-nougat-gipfeli-0152811",
  "product_description": "Artikelnr.: 152811 Nuss-Nougat-Gipfel Zutaten: Weizenmehl , 23% Nuss-Nougat-Creme [Zucker, 4% Haselnüsse , Palmfett, Rapsöl, Magermilchpulver , fettarmes Kakaopulver, Emulgator: Lecithine ( Soja ), natürliches Vanillearoma], 20% Butter , Wasser, Zucker, 2% gehackte Haselnüsse , Speisesalz, Hefe, Weizengluten , Erbseneiweiss, Mehlbehandlungsmittel: Ascorbinsäure. Kann Spuren von Ei, Erdnüsse, anderen Schalenfrüchte (Nüsse), Sellerie, Senf, Sesam und Sulfiten enthalten. Hergestellt in Deutschland.",
  "producthierarchy_level1": "Sortiment",
  "producthierarchy_level2": "Sortiment",
  "producthierarchy_level3": "Nuss-Nougat Gipfeli",
  "producthierarchy_level4": "",
  "producthierarchy_level5": "",
  "producthierarchy_level6": "",
  "producthierarchy_level7": "",
  "currency": "Swiss franc",
  "file_name_1": "152811_1.jpg",
  "image_url_1": "https://sortiment.lidl.ch/media/catalog/product/cache/38c728e59b3a47950872534eff8a1e63/1/5/152811_FKBF.jpg"
},
{
  "_id": {
    "$oid": "66f3a76ed23ade1eec55fd9d"
  },
  "unique_id": "3887",
  "product_name": "Knorr Idéale / Béchamel Sauce",
  "brand": "Knorr",
  "regular_price": 1.95,
  "selling_price": 1.95,
  "price_per_unit": "pro 33g | 100g = 5.91 CHF",
  "breadcrumb": "Sortiment > Sortiment > Knorr Idéale / Béchamel Sauce",
  "pdp_url": "https://sortiment.lidl.ch/de/knorr-ideale-bechamel-sauce-0003887",
  "product_description": "Artikelnr.: 3887",
  "producthierarchy_level1": "Sortiment",
  "producthierarchy_level2": "Sortiment",
  "producthierarchy_level3": "Knorr Idéale / Béchamel Sauce",
  "producthierarchy_level4": "",
  "producthierarchy_level5": "",
  "producthierarchy_level6": "",
  "producthierarchy_level7": "",
  "currency": "Swiss franc",
  "file_name_1": "3887_1.jpg",
  "image_url_1": "https://sortiment.lidl.ch/media/catalog/product/cache/38c728e59b3a47950872534eff8a1e63/3/8/3887_PSXX_1.jpg"
},
{
  "_id": {
    "$oid": "66f3a76fd23ade1eec55fd9e"
  },
  "unique_id": "3886",
  "product_name": "Knorr Rahm Sauce",
  "brand": "Knorr",
  "regular_price": 1.95,
  "selling_price": 1.95,
  "price_per_unit": "pro 30g | 100g = 6.50 CHF",
  "breadcrumb": "Sortiment > Sortiment > Knorr Rahm Sauce",
  "pdp_url": "https://sortiment.lidl.ch/de/knorr-rahm-sauce-0003886",
  "product_description": "Artikelnr.: 3886",
  "producthierarchy_level1": "Sortiment",
  "producthierarchy_level2": "Sortiment",
  "producthierarchy_level3": "Knorr Rahm Sauce",
  "producthierarchy_level4": "",
  "producthierarchy_level5": "",
  "producthierarchy_level6": "",
  "producthierarchy_level7": "",
  "currency": "Swiss franc",
  "file_name_1": "3886_1.jpg",
  "image_url_1": "https://sortiment.lidl.ch/media/catalog/product/cache/38c728e59b3a47950872534eff8a1e63/3/8/3886_PSXX_1.jpg"
},
{
  "_id": {
    "$oid": "66f3a770d23ade1eec55fd9f"
  },
  "unique_id": "3885",
  "product_name": "Knorr Curry Sauce",
  "brand": "Knorr",
  "regular_price": 1.95,
  "selling_price": 1.95,
  "price_per_unit": "pro 33g | 100g = 5.91 CHF",
  "breadcrumb": "Sortiment > Sortiment > Knorr Curry Sauce",
  "pdp_url": "https://sortiment.lidl.ch/de/knorr-curry-sauce-0003885",
  "product_description": "Artikelnr.: 3885",
  "producthierarchy_level1": "Sortiment",
  "producthierarchy_level2": "Sortiment",
  "producthierarchy_level3": "Knorr Curry Sauce",
  "producthierarchy_level4": "",
  "producthierarchy_level5": "",
  "producthierarchy_level6": "",
  "producthierarchy_level7": "",
  "currency": "Swiss franc",
  "file_name_1": "3885_1.jpg",
  "image_url_1": "https://sortiment.lidl.ch/media/catalog/product/cache/38c728e59b3a47950872534eff8a1e63/3/8/3885_PSXX_1.jpg"
},
{
  "_id": {
    "$oid": "66f3a771d23ade1eec55fda0"
  },
  "unique_id": "3884",
  "product_name": "Knorr Jäger Sauce",
  "brand": "Knorr",
  "regular_price": 1.95,
  "selling_price": 1.95,
  "price_per_unit": "pro 30g | 100g = 6.50 CHF",
  "breadcrumb": "Sortiment > Sortiment > Knorr Jäger Sauce",
  "pdp_url": "https://sortiment.lidl.ch/de/knorr-jaeger-sauce-0003884",
  "product_description": "Artikelnr.: 3884",
  "producthierarchy_level1": "Sortiment",
  "producthierarchy_level2": "Sortiment",
  "producthierarchy_level3": "Knorr Jäger Sauce",
  "producthierarchy_level4": "",
  "producthierarchy_level5": "",
  "producthierarchy_level6": "",
  "producthierarchy_level7": "",
  "currency": "Swiss franc",
  "file_name_1": "3884_1.jpg",
  "image_url_1": "https://sortiment.lidl.ch/media/catalog/product/cache/38c728e59b3a47950872534eff8a1e63/3/8/3884_PSXX_1.jpg"
},
{
  "_id": {
    "$oid": "66f3a772d23ade1eec55fda1"
  },
  "unique_id": "6009177",
  "product_name": "Mascarpone",
  "brand": "Milbona",
  "regular_price": 1.45,
  "selling_price": 1.45,
  "price_per_unit": "pro 250g | 100g = 0.58 CHF",
  "breadcrumb": "Sortiment > Sortiment > Mascarpone",
  "pdp_url": "https://sortiment.lidl.ch/de/mascarpone-6009177",
  "product_description": "Artikelnr.: 6009177",
  "producthierarchy_level1": "Sortiment",
  "producthierarchy_level2": "Sortiment",
  "producthierarchy_level3": "Mascarpone",
  "producthierarchy_level4": "",
  "producthierarchy_level5": "",
  "producthierarchy_level6": "",
  "producthierarchy_level7": "",
  "currency": "Swiss franc",
  "file_name_1": "6009177_1.jpg",
  "image_url_1": "https://sortiment.lidl.ch/media/catalog/product/cache/38c728e59b3a47950872534eff8a1e63/6/0/6009177_PSXX_1.jpg"
},
{
  "_id": {
    "$oid": "66f3a773d23ade1eec55fda2"
  },
  "unique_id": "5103633",
  "product_name": "MSC Seelachsfilets paniert",
  "brand": "Fisher's Choice",
  "regular_price": 5.99,
  "selling_price": 5.99,
  "price_per_unit": "pro 280g | 100g = 2.14 CHF",
  "breadcrumb": "Sortiment > Sortiment > MSC Seelachsfilets paniert",
  "pdp_url": "https://sortiment.lidl.ch/de/msc-seelachsfilets-paniert-5103633",
  "product_description": "Artikelnr.: 5103633",
  "producthierarchy_level1": "Sortiment",
  "producthierarchy_level2": "Sortiment",
  "producthierarchy_level3": "MSC Seelachsfilets paniert",
  "producthierarchy_level4": "",
  "producthierarchy_level5": "",
  "producthierarchy_level6": "",
  "producthierarchy_level7": "",
  "currency": "Swiss franc",
  "file_name_1": "5103633_1.jpg",
  "image_url_1": "https://sortiment.lidl.ch/media/catalog/product/cache/38c728e59b3a47950872534eff8a1e63/5/1/5103633_FKBF.jpg",
  "file_name_2": "5103633_2.jpg",
  "image_url_2": "https://sortiment.lidl.ch/media/catalog/product/cache/38c728e59b3a47950872534eff8a1e63/5/1/5103633_PSXX.jpg"
},
{
  "_id": {
    "$oid": "66f3a774d23ade1eec55fda3"
  },
  "unique_id": "5107422",
  "product_name": "Kartoffelsalat",
  "brand": "select & go",
  "regular_price": 3.25,
  "selling_price": 3.25,
  "price_per_unit": "pro 450g, 470g | 100g = 0.73, 0.70 CHF",
  "breadcrumb": "Sortiment > Sortiment > Kartoffelsalat",
  "pdp_url": "https://sortiment.lidl.ch/de/kartoffelsalat-5107422",
  "product_description": "Artikelnr.: 5107422",
  "producthierarchy_level1": "Sortiment",
  "producthierarchy_level2": "Sortiment",
  "producthierarchy_level3": "Kartoffelsalat",
  "producthierarchy_level4": "",
  "producthierarchy_level5": "",
  "producthierarchy_level6": "",
  "producthierarchy_level7": "",
  "currency": "Swiss franc",
  "file_name_1": "5107422_1.jpg",
  "image_url_1": "https://sortiment.lidl.ch/media/catalog/product/cache/38c728e59b3a47950872534eff8a1e63/5/1/5107422_Essig_Oel_PSXX_1.jpg",
  "file_name_2": "5107422_2.jpg",
  "image_url_2": "https://sortiment.lidl.ch/media/catalog/product/cache/38c728e59b3a47950872534eff8a1e63/5/1/5107422_Mayo_Joghurt_PSXX_1.jpg",
  "file_name_3": "5107422_3.jpg",
  "image_url_3": "https://sortiment.lidl.ch/media/catalog/product/cache/38c728e59b3a47950872534eff8a1e63/5/1/5107422_vegan_PSXX.jpg",
  "file_name_4": "5107422_4.jpg",
  "image_url_4": "https://sortiment.lidl.ch/media/catalog/product/cache/38c728e59b3a47950872534eff8a1e63/5/1/5107422_vegetarisch_PSXX.jpg"
},
{
  "_id": {
    "$oid": "66f3a775d23ade1eec55fda4"
  },
  "unique_id": "151203",
  "product_name": "Nature Essigreiniger",
  "brand": "W5 Nature",
  "regular_price": 1.99,
  "selling_price": 1.99,
  "price_per_unit": "pro 1l",
  "breadcrumb": "Sortiment > Sortiment > Nature Essigreiniger",
  "pdp_url": "https://sortiment.lidl.ch/de/nature-essigreiniger-0151203",
  "product_description": "Artikelnr.: 151203",
  "producthierarchy_level1": "Sortiment",
  "producthierarchy_level2": "Sortiment",
  "producthierarchy_level3": "Nature Essigreiniger",
  "producthierarchy_level4": "",
  "producthierarchy_level5": "",
  "producthierarchy_level6": "",
  "producthierarchy_level7": "",
  "currency": "Swiss franc",
  "file_name_1": "151203_1.jpg",
  "image_url_1": "https://sortiment.lidl.ch/media/catalog/product/cache/38c728e59b3a47950872534eff8a1e63/1/5/151203_PSXX.jpg"
},
{
  "_id": {
    "$oid": "66f3a776d23ade1eec55fda5"
  },
  "unique_id": "144601",
  "product_name": "Früchte- und Gemüsesäckli",
  "brand": "",
  "regular_price": 0.59,
  "selling_price": 0.59,
  "price_per_unit": "pro 2 Stück | 1 Stk = 0.30 CHF",
  "breadcrumb": "Sortiment > Sortiment > Früchte- und Gemüsesäckli",
  "pdp_url": "https://sortiment.lidl.ch/de/fruechte-und-gemuesesaeckli-0144601",
  "product_description": "Artikelnr.: 144601",
  "producthierarchy_level1": "Sortiment",
  "producthierarchy_level2": "Sortiment",
  "producthierarchy_level3": "Früchte- und Gemüsesäckli",
  "producthierarchy_level4": "",
  "producthierarchy_level5": "",
  "producthierarchy_level6": "",
  "producthierarchy_level7": "",
  "currency": "Swiss franc",
  "file_name_1": "144601_1.jpg",
  "image_url_1": "https://sortiment.lidl.ch/media/catalog/product/cache/38c728e59b3a47950872534eff8a1e63/1/4/144601_PSXX.jpg"
},
{
  "_id": {
    "$oid": "66f3a777d23ade1eec55fda6"
  },
  "unique_id": "6010160",
  "product_name": "Prosciutto crudo",
  "brand": "Dulano Selection",
  "regular_price": 3.99,
  "selling_price": 3.99,
  "price_per_unit": "pro 100g",
  "breadcrumb": "Sortiment > Sortiment > Prosciutto crudo",
  "pdp_url": "https://sortiment.lidl.ch/de/prosciutto-crudo-6010160",
  "product_description": "Artikelnr.: 6010160",
  "producthierarchy_level1": "Sortiment",
  "producthierarchy_level2": "Sortiment",
  "producthierarchy_level3": "Prosciutto crudo",
  "producthierarchy_level4": "",
  "producthierarchy_level5": "",
  "producthierarchy_level6": "",
  "producthierarchy_level7": "",
  "currency": "Swiss franc",
  "file_name_1": "6010160_1.jpg",
  "image_url_1": "https://sortiment.lidl.ch/media/catalog/product/cache/38c728e59b3a47950872534eff8a1e63/6/0/6010160_FKBF_1.jpg",
  "file_name_2": "6010160_2.jpg",
  "image_url_2": "https://sortiment.lidl.ch/media/catalog/product/cache/38c728e59b3a47950872534eff8a1e63/6/0/6010160_PSXX.jpg"
},
{
  "_id": {
    "$oid": "66f3a778d23ade1eec55fda7"
  },
  "unique_id": "80229",
  "product_name": "Äpfel rot 1,5kg",
  "brand": "",
  "regular_price": 4.35,
  "selling_price": 4.35,
  "price_per_unit": "pro 1,5kg | 1Kg = 2.90 CHF",
  "breadcrumb": "Sortiment > Sortiment > Äpfel rot 1,5kg",
  "pdp_url": "https://sortiment.lidl.ch/de/aepfel-rot-1-5kg-0080229",
  "product_description": "Artikelnr.: 80229",
  "producthierarchy_level1": "Sortiment",
  "producthierarchy_level2": "Sortiment",
  "producthierarchy_level3": "Äpfel rot 1,5kg",
  "producthierarchy_level4": "",
  "producthierarchy_level5": "",
  "producthierarchy_level6": "",
  "producthierarchy_level7": "",
  "currency": "Swiss franc",
  "file_name_1": "80229_1.jpg",
  "image_url_1": "https://sortiment.lidl.ch/media/catalog/product/cache/38c728e59b3a47950872534eff8a1e63/8/0/80229_OGFG.jpg"
},
{
  "_id": {
    "$oid": "66f3a779d23ade1eec55fda8"
  },
  "unique_id": "27469",
  "product_name": "Paniermehl",
  "brand": "Belbake",
  "regular_price": 1.99,
  "selling_price": 1.99,
  "price_per_unit": "pro 1kg",
  "breadcrumb": "Sortiment > Sortiment > Paniermehl",
  "pdp_url": "https://sortiment.lidl.ch/de/paniermehl-0027469",
  "product_description": "Artikelnr.: 27469",
  "producthierarchy_level1": "Sortiment",
  "producthierarchy_level2": "Sortiment",
  "producthierarchy_level3": "Paniermehl",
  "producthierarchy_level4": "",
  "producthierarchy_level5": "",
  "producthierarchy_level6": "",
  "producthierarchy_level7": "",
  "currency": "Swiss franc",
  "file_name_1": "27469_1.jpg",
  "image_url_1": "https://sortiment.lidl.ch/media/catalog/product/cache/38c728e59b3a47950872534eff8a1e63/2/7/27469_PSXX_1.jpg"
},
{
  "_id": {
    "$oid": "66f3a77ad23ade1eec55fda9"
  },
  "unique_id": "99432",
  "product_name": "Papiertragetasche FSC",
  "brand": "",
  "regular_price": 0.35,
  "selling_price": 0.35,
  "price_per_unit": "pro Stück",
  "breadcrumb": "Sortiment > Sortiment > Papiertragetasche FSC",
  "pdp_url": "https://sortiment.lidl.ch/de/papiertragetasche-fsc-0099432",
  "product_description": "Artikelnr.: 99432",
  "producthierarchy_level1": "Sortiment",
  "producthierarchy_level2": "Sortiment",
  "producthierarchy_level3": "Papiertragetasche FSC",
  "producthierarchy_level4": "",
  "producthierarchy_level5": "",
  "producthierarchy_level6": "",
  "producthierarchy_level7": "",
  "currency": "Swiss franc",
  "file_name_1": "99432_1.jpg",
  "image_url_1": "https://sortiment.lidl.ch/media/catalog/product/cache/38c728e59b3a47950872534eff8a1e63/9/9/99432_Retailer_PSXX.jpg"
},
{
  "_id": {
    "$oid": "66f3a77cd23ade1eec55fdaa"
  },
  "unique_id": "130893",
  "product_name": "ASC Grilllachs",
  "brand": "Fisher's Choice",
  "regular_price": 8.99,
  "selling_price": 8.99,
  "price_per_unit": "pro 250g | 100g = 3.60 CHF",
  "breadcrumb": "Sortiment > Sortiment > ASC Grilllachs",
  "pdp_url": "https://sortiment.lidl.ch/de/asc-grilllachs-0130893",
  "product_description": "Artikelnr.: 130893",
  "producthierarchy_level1": "Sortiment",
  "producthierarchy_level2": "Sortiment",
  "producthierarchy_level3": "ASC Grilllachs",
  "producthierarchy_level4": "",
  "producthierarchy_level5": "",
  "producthierarchy_level6": "",
  "producthierarchy_level7": "",
  "currency": "Swiss franc",
  "file_name_1": "130893_1.jpg",
  "image_url_1": "https://sortiment.lidl.ch/media/catalog/product/cache/38c728e59b3a47950872534eff8a1e63/1/3/130893_FKBF.jpg",
  "file_name_2": "130893_2.jpg",
  "image_url_2": "https://sortiment.lidl.ch/media/catalog/product/cache/38c728e59b3a47950872534eff8a1e63/1/3/130893_Olivenoel_Basilikum_PSXX.jpg",
  "file_name_3": "130893_3.jpg",
  "image_url_3": "https://sortiment.lidl.ch/media/catalog/product/cache/38c728e59b3a47950872534eff8a1e63/1/3/130893_Tomate_Basilikum_PSXX.jpg"
},
{
  "_id": {
    "$oid": "66f3a77dd23ade1eec55fdab"
  },
  "unique_id": "150969",
  "product_name": "Fideli mit Fleischkügeli",
  "brand": "Kania",
  "regular_price": 0.59,
  "selling_price": 0.59,
  "price_per_unit": "pro 78g | 100g = 0.76 CHF",
  "breadcrumb": "Sortiment > Sortiment > Fideli mit Fleischkügeli",
  "pdp_url": "https://sortiment.lidl.ch/de/fideli-mit-fleischkuegeli-0150969",
  "product_description": "Artikelnr.: 150969",
  "producthierarchy_level1": "Sortiment",
  "producthierarchy_level2": "Sortiment",
  "producthierarchy_level3": "Fideli mit Fleischkügeli",
  "producthierarchy_level4": "",
  "producthierarchy_level5": "",
  "producthierarchy_level6": "",
  "producthierarchy_level7": "",
  "currency": "Swiss franc",
  "file_name_1": "150969_1.jpg",
  "image_url_1": "https://sortiment.lidl.ch/media/catalog/product/cache/38c728e59b3a47950872534eff8a1e63/1/5/150969_PSXX.jpg"
},
{
  "_id": {
    "$oid": "66f3a77ed23ade1eec55fdac"
  },
  "unique_id": "150092",
  "product_name": "Tomatensuppe",
  "brand": "Kania",
  "regular_price": 0.39,
  "selling_price": 0.39,
  "price_per_unit": "pro 59g | 100g = 0.67 CHF",
  "breadcrumb": "Sortiment > Sortiment > Tomatensuppe",
  "pdp_url": "https://sortiment.lidl.ch/de/tomatensuppe-0150092",
  "product_description": "Artikelnr.: 150092",
  "producthierarchy_level1": "Sortiment",
  "producthierarchy_level2": "Sortiment",
  "producthierarchy_level3": "Tomatensuppe",
  "producthierarchy_level4": "",
  "producthierarchy_level5": "",
  "producthierarchy_level6": "",
  "producthierarchy_level7": "",
  "currency": "Swiss franc",
  "file_name_1": "150092_1.jpg",
  "image_url_1": "https://sortiment.lidl.ch/media/catalog/product/cache/38c728e59b3a47950872534eff8a1e63/1/5/150092_PSXX.jpg"
},
{
  "_id": {
    "$oid": "66f3a780d23ade1eec55fdad"
  },
  "unique_id": "5106784",
  "product_name": "Plätzli Champignons",
  "brand": "Culinea",
  "regular_price": 5.29,
  "selling_price": 5.29,
  "price_per_unit": "pro 480g | 100g = 1.11 CHF",
  "breadcrumb": "Sortiment > Sortiment > Plätzli Champignons",
  "pdp_url": "https://sortiment.lidl.ch/de/plaetzli-champignons-5106784",
  "product_description": "Artikelnr.: 5106784",
  "producthierarchy_level1": "Sortiment",
  "producthierarchy_level2": "Sortiment",
  "producthierarchy_level3": "Plätzli Champignons",
  "producthierarchy_level4": "",
  "producthierarchy_level5": "",
  "producthierarchy_level6": "",
  "producthierarchy_level7": "",
  "currency": "Swiss franc",
  "file_name_1": "5106784_1.jpg",
  "image_url_1": "https://sortiment.lidl.ch/media/catalog/product/cache/38c728e59b3a47950872534eff8a1e63/5/1/5106784_PSXX_1.jpg"
},
{
  "_id": {
    "$oid": "66f3a781d23ade1eec55fdae"
  },
  "unique_id": "5106783",
  "product_name": "Plätzli Spinat",
  "brand": "Culinea",
  "regular_price": 5.29,
  "selling_price": 5.29,
  "price_per_unit": "pro 480g | 100g = 1.11 CHF",
  "breadcrumb": "Sortiment > Sortiment > Plätzli Spinat",
  "pdp_url": "https://sortiment.lidl.ch/de/plaetzli-spinat-5106783",
  "product_description": "Artikelnr.: 5106783",
  "producthierarchy_level1": "Sortiment",
  "producthierarchy_level2": "Sortiment",
  "producthierarchy_level3": "Plätzli Spinat",
  "producthierarchy_level4": "",
  "producthierarchy_level5": "",
  "producthierarchy_level6": "",
  "producthierarchy_level7": "",
  "currency": "Swiss franc",
  "file_name_1": "5106783_1.jpg",
  "image_url_1": "https://sortiment.lidl.ch/media/catalog/product/cache/38c728e59b3a47950872534eff8a1e63/5/1/5106783_Spinat_PSXX_1.jpg"
},
{
  "_id": {
    "$oid": "66f3a782d23ade1eec55fdaf"
  },
  "unique_id": "5106782",
  "product_name": "Plätzli Käse",
  "brand": "Culinea",
  "regular_price": 5.29,
  "selling_price": 5.29,
  "price_per_unit": "pro 480g | 100g = 1.11 CHF",
  "breadcrumb": "Sortiment > Sortiment > Plätzli Käse",
  "pdp_url": "https://sortiment.lidl.ch/de/plaetzli-kaese-5106782",
  "product_description": "Artikelnr.: 5106782",
  "producthierarchy_level1": "Sortiment",
  "producthierarchy_level2": "Sortiment",
  "producthierarchy_level3": "Plätzli Käse",
  "producthierarchy_level4": "",
  "producthierarchy_level5": "",
  "producthierarchy_level6": "",
  "producthierarchy_level7": "",
  "currency": "Swiss franc",
  "file_name_1": "5106782_1.jpg",
  "image_url_1": "https://sortiment.lidl.ch/media/catalog/product/cache/38c728e59b3a47950872534eff8a1e63/5/1/5106782_Kaese_PSXX_1.jpg"
},
{
  "_id": {
    "$oid": "66f3a783d23ade1eec55fdb0"
  },
  "unique_id": "142600",
  "product_name": "Kaffeekapseln Espresso",
  "brand": "Bella caffe",
  "regular_price": 3.89,
  "selling_price": 3.89,
  "price_per_unit": "pro 16 Stück | 100g = 24.32, 4.06 CHF",
  "breadcrumb": "Sortiment > Sortiment > Kaffeekapseln Espresso",
  "pdp_url": "https://sortiment.lidl.ch/de/kaffeekapseln-espresso-0142600",
  "product_description": "Artikelnr.: 142600",
  "producthierarchy_level1": "Sortiment",
  "producthierarchy_level2": "Sortiment",
  "producthierarchy_level3": "Kaffeekapseln Espresso",
  "producthierarchy_level4": "",
  "producthierarchy_level5": "",
  "producthierarchy_level6": "",
  "producthierarchy_level7": "",
  "currency": "Swiss franc",
  "file_name_1": "142600_1.jpg",
  "image_url_1": "https://sortiment.lidl.ch/media/catalog/product/cache/38c728e59b3a47950872534eff8a1e63/1/4/142600_PSXX_1.jpg"
},
{
  "_id": {
    "$oid": "66f3a784d23ade1eec55fdb1"
  },
  "unique_id": "59530",
  "product_name": "Nürnberger Rostbratwürste",
  "brand": "Dulano Selection",
  "regular_price": 5.49,
  "selling_price": 5.49,
  "price_per_unit": "pro 300g | 100g = 1.83 CHF",
  "breadcrumb": "Sortiment > Sortiment > Nürnberger Rostbratwürste",
  "pdp_url": "https://sortiment.lidl.ch/de/nuernberger-rostbratwuerste-0059530",
  "product_description": "Artikelnr.: 59530",
  "producthierarchy_level1": "Sortiment",
  "producthierarchy_level2": "Sortiment",
  "producthierarchy_level3": "Nürnberger Rostbratwürste",
  "producthierarchy_level4": "",
  "producthierarchy_level5": "",
  "producthierarchy_level6": "",
  "producthierarchy_level7": "",
  "currency": "Swiss franc",
  "file_name_1": "59530_1.jpg",
  "image_url_1": "https://sortiment.lidl.ch/media/catalog/product/cache/38c728e59b3a47950872534eff8a1e63/5/9/59530_FKBF.jpg"
},
{
  "_id": {
    "$oid": "66f3a785d23ade1eec55fdb2"
  },
  "unique_id": "37476",
  "product_name": "Orangensaft direkt gepresst",
  "brand": "Solevita",
  "regular_price": 2.59,
  "selling_price": 2.59,
  "price_per_unit": "pro 1l",
  "breadcrumb": "Sortiment > Sortiment > Orangensaft direkt gepresst",
  "pdp_url": "https://sortiment.lidl.ch/de/orangensaft-direkt-gepresst-0037476",
  "product_description": "Artikelnr.: 37476",
  "producthierarchy_level1": "Sortiment",
  "producthierarchy_level2": "Sortiment",
  "producthierarchy_level3": "Orangensaft direkt gepresst",
  "producthierarchy_level4": "",
  "producthierarchy_level5": "",
  "producthierarchy_level6": "",
  "producthierarchy_level7": "",
  "currency": "Swiss franc",
  "file_name_1": "37476_1.jpg",
  "image_url_1": "https://sortiment.lidl.ch/media/catalog/product/cache/38c728e59b3a47950872534eff8a1e63/3/7/37476_PSXX.jpg"
},
{
  "_id": {
    "$oid": "66f3a786d23ade1eec55fdb3"
  },
  "unique_id": "38798",
  "product_name": "Smoothie",
  "brand": "Solevita",
  "regular_price": 0.99,
  "selling_price": 0.99,
  "price_per_unit": "pro 250ml | 1L = 3.96 CHF",
  "breadcrumb": "Sortiment > Sortiment > Smoothie",
  "pdp_url": "https://sortiment.lidl.ch/de/smoothie-0038798",
  "product_description": "Artikelnr.: 38798",
  "producthierarchy_level1": "Sortiment",
  "producthierarchy_level2": "Sortiment",
  "producthierarchy_level3": "Smoothie",
  "producthierarchy_level4": "",
  "producthierarchy_level5": "",
  "producthierarchy_level6": "",
  "producthierarchy_level7": "",
  "currency": "Swiss franc",
  "file_name_1": "38798_1.jpg",
  "image_url_1": "https://sortiment.lidl.ch/media/catalog/product/cache/38c728e59b3a47950872534eff8a1e63/3/8/38798_FruityDream_PSXX.jpg",
  "file_name_2": "38798_2.jpg",
  "image_url_2": "https://sortiment.lidl.ch/media/catalog/product/cache/38c728e59b3a47950872534eff8a1e63/3/8/38798_RedGenius_PSXX.jpg",
  "file_name_3": "38798_3.jpg",
  "image_url_3": "https://sortiment.lidl.ch/media/catalog/product/cache/38c728e59b3a47950872534eff8a1e63/3/8/38798_StrawberryHeaven_PSXX.jpg",
  "file_name_4": "38798_4.jpg",
  "image_url_4": "https://sortiment.lidl.ch/media/catalog/product/cache/38c728e59b3a47950872534eff8a1e63/3/8/38798_TropicalWonder_PSXX.jpg"
},
{
  "_id": {
    "$oid": "66f3a788d23ade1eec55fdb4"
  },
  "unique_id": "125693",
  "product_name": "Super Smoothie",
  "brand": "Solevita",
  "regular_price": 1.79,
  "selling_price": 1.79,
  "price_per_unit": "pro 250ml | 1L = 7.16 CHF",
  "breadcrumb": "Sortiment > Sortiment > Super Smoothie",
  "pdp_url": "https://sortiment.lidl.ch/de/super-smoothie-0125693",
  "product_description": "Artikelnr.: 125693",
  "producthierarchy_level1": "Sortiment",
  "producthierarchy_level2": "Sortiment",
  "producthierarchy_level3": "Super Smoothie",
  "producthierarchy_level4": "",
  "producthierarchy_level5": "",
  "producthierarchy_level6": "",
  "producthierarchy_level7": "",
  "currency": "Swiss franc",
  "file_name_1": "125693_1.jpg",
  "image_url_1": "https://sortiment.lidl.ch/media/catalog/product/cache/38c728e59b3a47950872534eff8a1e63/1/2/125693_Antioxidant_PSXX.jpg",
  "file_name_2": "125693_2.jpg",
  "image_url_2": "https://sortiment.lidl.ch/media/catalog/product/cache/38c728e59b3a47950872534eff8a1e63/1/2/125693_Deffence_PSXX.jpg",
  "file_name_3": "125693_3.jpg",
  "image_url_3": "https://sortiment.lidl.ch/media/catalog/product/cache/38c728e59b3a47950872534eff8a1e63/1/2/125693_Energy_PSXX.jpg",
  "file_name_4": "125693_4.jpg",
  "image_url_4": "https://sortiment.lidl.ch/media/catalog/product/cache/38c728e59b3a47950872534eff8a1e63/1/2/125693_Uplift_PSXX.jpg"
},
{
  "_id": {
    "$oid": "66f3a789d23ade1eec55fdb5"
  },
  "unique_id": "37475",
  "product_name": "Blutorangensaft",
  "brand": "Solevita",
  "regular_price": 3.29,
  "selling_price": 3.29,
  "price_per_unit": "pro 1l",
  "breadcrumb": "Sortiment > Sortiment > Blutorangensaft",
  "pdp_url": "https://sortiment.lidl.ch/de/blutorangensaft-0037475",
  "product_description": "Artikelnr.: 37475",
  "producthierarchy_level1": "Sortiment",
  "producthierarchy_level2": "Sortiment",
  "producthierarchy_level3": "Blutorangensaft",
  "producthierarchy_level4": "",
  "producthierarchy_level5": "",
  "producthierarchy_level6": "",
  "producthierarchy_level7": "",
  "currency": "Swiss franc",
  "file_name_1": "37475_1.jpg",
  "image_url_1": "https://sortiment.lidl.ch/media/catalog/product/cache/38c728e59b3a47950872534eff8a1e63/3/7/37475_Blutorange_PSXX.jpg"
},
{
  "_id": {
    "$oid": "66f3a78ad23ade1eec55fdb6"
  },
  "unique_id": "2662",
  "product_name": "Fruchtsäfte",
  "brand": "Solevita",
  "regular_price": 1.59,
  "selling_price": 1.59,
  "price_per_unit": "pro 330ml | 1L = 4.82 CHF",
  "breadcrumb": "Sortiment > Sortiment > Fruchtsäfte",
  "pdp_url": "https://sortiment.lidl.ch/de/fruchtsaefte-0002662",
  "product_description": "Artikelnr.: 2662",
  "producthierarchy_level1": "Sortiment",
  "producthierarchy_level2": "Sortiment",
  "producthierarchy_level3": "Fruchtsäfte",
  "producthierarchy_level4": "",
  "producthierarchy_level5": "",
  "producthierarchy_level6": "",
  "producthierarchy_level7": "",
  "currency": "Swiss franc",
  "file_name_1": "2662_1.jpg",
  "image_url_1": "https://sortiment.lidl.ch/media/catalog/product/cache/38c728e59b3a47950872534eff8a1e63/2/6/2662_Ananas_PSXX.jpg",
  "file_name_2": "2662_2.jpg",
  "image_url_2": "https://sortiment.lidl.ch/media/catalog/product/cache/38c728e59b3a47950872534eff8a1e63/2/6/2662_Multifrucht_PSXX.jpg",
  "file_name_3": "2662_3.jpg",
  "image_url_3": "https://sortiment.lidl.ch/media/catalog/product/cache/38c728e59b3a47950872534eff8a1e63/2/6/2662_Orange_PSXX.jpg"
},
{
  "_id": {
    "$oid": "66f3a78bd23ade1eec55fdb7"
  },
  "unique_id": "6009891",
  "product_name": "Provolone Dolce",
  "brand": "Milbona",
  "regular_price": 3.49,
  "selling_price": 3.49,
  "price_per_unit": "pro 250g | 100g = 1.40 CHF",
  "breadcrumb": "Sortiment > Sortiment > Provolone Dolce",
  "pdp_url": "https://sortiment.lidl.ch/de/provolone-dolce-6009891",
  "product_description": "Artikelnr.: 6009891",
  "producthierarchy_level1": "Sortiment",
  "producthierarchy_level2": "Sortiment",
  "producthierarchy_level3": "Provolone Dolce",
  "producthierarchy_level4": "",
  "producthierarchy_level5": "",
  "producthierarchy_level6": "",
  "producthierarchy_level7": "",
  "currency": "Swiss franc",
  "file_name_1": "6009891_1.jpg",
  "image_url_1": "https://sortiment.lidl.ch/media/catalog/product/cache/38c728e59b3a47950872534eff8a1e63/6/0/6009891_FKBF.jpg",
  "file_name_2": "6009891_2.jpg",
  "image_url_2": "https://sortiment.lidl.ch/media/catalog/product/cache/38c728e59b3a47950872534eff8a1e63/6/0/6009891_PSXX_001.jpg"
},
{
  "_id": {
    "$oid": "66f3a78dd23ade1eec55fdb8"
  },
  "unique_id": "152782",
  "product_name": "Premium Sushi Set",
  "brand": "select & go",
  "regular_price": 5.99,
  "selling_price": 5.99,
  "price_per_unit": "pro 168g, 185g | 100g = 3.57, 3.24 CHF",
  "breadcrumb": "Sortiment > Sortiment > Premium Sushi Set",
  "pdp_url": "https://sortiment.lidl.ch/de/premium-sushi-set-0152782",
  "product_description": "Artikelnr.: 152782",
  "producthierarchy_level1": "Sortiment",
  "producthierarchy_level2": "Sortiment",
  "producthierarchy_level3": "Premium Sushi Set",
  "producthierarchy_level4": "",
  "producthierarchy_level5": "",
  "producthierarchy_level6": "",
  "producthierarchy_level7": "",
  "currency": "Swiss franc",
  "file_name_1": "152782_1.jpg",
  "image_url_1": "https://sortiment.lidl.ch/media/catalog/product/cache/38c728e59b3a47950872534eff8a1e63/1/5/152782_FKBF_1.jpg",
  "file_name_2": "152782_2.jpg",
  "image_url_2": "https://sortiment.lidl.ch/media/catalog/product/cache/38c728e59b3a47950872534eff8a1e63/1/5/152782_Garnele_Surimi_PSXX_1.jpg",
  "file_name_3": "152782_3.jpg",
  "image_url_3": "https://sortiment.lidl.ch/media/catalog/product/cache/38c728e59b3a47950872534eff8a1e63/1/5/152782_Lachs_PSXX_1.jpg",
  "file_name_4": "152782_4.jpg",
  "image_url_4": "https://sortiment.lidl.ch/media/catalog/product/cache/38c728e59b3a47950872534eff8a1e63/1/5/152782_Norwegischer_Lachs_PSXX_1.jpg",
  "file_name_5": "152782_5.jpg",
  "image_url_5": "https://sortiment.lidl.ch/media/catalog/product/cache/38c728e59b3a47950872534eff8a1e63/1/5/152782_PSXX_1.jpg",
  "file_name_6": "152782_6.jpg",
  "image_url_6": "https://sortiment.lidl.ch/media/catalog/product/cache/38c728e59b3a47950872534eff8a1e63/1/5/152782_Thunfisch_PSXX_1.jpg"
},
{
  "_id": {
    "$oid": "66f3a78ed23ade1eec55fdb9"
  },
  "unique_id": "11642",
  "product_name": "Senf",
  "brand": "Kania",
  "regular_price": 0.68,
  "selling_price": 0.68,
  "price_per_unit": "pro 200ml | 100g = 0.33 CHF",
  "breadcrumb": "Sortiment > Sortiment > Senf",
  "pdp_url": "https://sortiment.lidl.ch/de/senf-0011642",
  "product_description": "Artikelnr.: 11642",
  "producthierarchy_level1": "Sortiment",
  "producthierarchy_level2": "Sortiment",
  "producthierarchy_level3": "Senf",
  "producthierarchy_level4": "",
  "producthierarchy_level5": "",
  "producthierarchy_level6": "",
  "producthierarchy_level7": "",
  "currency": "Swiss franc",
  "file_name_1": "11642_1.jpg",
  "image_url_1": "https://sortiment.lidl.ch/media/catalog/product/cache/38c728e59b3a47950872534eff8a1e63/1/1/11642_Mittelscharf_PSXX.jpg",
  "file_name_2": "11642_2.jpg",
  "image_url_2": "https://sortiment.lidl.ch/media/catalog/product/cache/38c728e59b3a47950872534eff8a1e63/1/1/11642_Scharf_PSXX.jpg"
},
{
  "_id": {
    "$oid": "66f3a78fd23ade1eec55fdba"
  },
  "unique_id": "37529",
  "product_name": "Blätterteig",
  "brand": "Chef Select & You",
  "regular_price": 1.15,
  "selling_price": 1.15,
  "price_per_unit": "pro 270g, 275g | 100g = 0.43, 0.42 CHF",
  "breadcrumb": "Sortiment > Sortiment > Blätterteig",
  "pdp_url": "https://sortiment.lidl.ch/de/blaetterteig-0037529",
  "product_description": "Artikelnr.: 37529",
  "producthierarchy_level1": "Sortiment",
  "producthierarchy_level2": "Sortiment",
  "producthierarchy_level3": "Blätterteig",
  "producthierarchy_level4": "",
  "producthierarchy_level5": "",
  "producthierarchy_level6": "",
  "producthierarchy_level7": "",
  "currency": "Swiss franc",
  "file_name_1": "37529_1.jpg",
  "image_url_1": "https://sortiment.lidl.ch/media/catalog/product/cache/38c728e59b3a47950872534eff8a1e63/3/7/37529_Classic_PSXX.jpg",
  "file_name_2": "37529_2.jpg",
  "image_url_2": "https://sortiment.lidl.ch/media/catalog/product/cache/38c728e59b3a47950872534eff8a1e63/3/7/37529_Dinkel_PSXX_1.jpg",
  "file_name_3": "37529_3.jpg",
  "image_url_3": "https://sortiment.lidl.ch/media/catalog/product/cache/38c728e59b3a47950872534eff8a1e63/3/7/37529_light_PSXX.jpg"
},
{
  "_id": {
    "$oid": "66f3a790d23ade1eec55fdbb"
  },
  "unique_id": "150971",
  "product_name": "Minestrone",
  "brand": "Kania",
  "regular_price": 0.59,
  "selling_price": 0.59,
  "price_per_unit": "pro 84g | 100g = 0.71 CHF",
  "breadcrumb": "Sortiment > Sortiment > Minestrone",
  "pdp_url": "https://sortiment.lidl.ch/de/minestrone-0150971",
  "product_description": "Artikelnr.: 150971",
  "producthierarchy_level1": "Sortiment",
  "producthierarchy_level2": "Sortiment",
  "producthierarchy_level3": "Minestrone",
  "producthierarchy_level4": "",
  "producthierarchy_level5": "",
  "producthierarchy_level6": "",
  "producthierarchy_level7": "",
  "currency": "Swiss franc",
  "file_name_1": "150971_1.jpg",
  "image_url_1": "https://sortiment.lidl.ch/media/catalog/product/cache/38c728e59b3a47950872534eff8a1e63/1/5/150971_PSXX.jpg"
},
{
  "_id": {
    "$oid": "66f3a791d23ade1eec55fdbc"
  },
  "unique_id": "115706",
  "product_name": "Bündner Gerstensuppe",
  "brand": "Kania",
  "regular_price": 0.59,
  "selling_price": 0.59,
  "price_per_unit": "pro 103g | 100g = 0.58 CHF",
  "breadcrumb": "Sortiment > Sortiment > Bündner Gerstensuppe",
  "pdp_url": "https://sortiment.lidl.ch/de/buendner-gerstensuppe-0115706",
  "product_description": "Artikelnr.: 115706",
  "producthierarchy_level1": "Sortiment",
  "producthierarchy_level2": "Sortiment",
  "producthierarchy_level3": "Bündner Gerstensuppe",
  "producthierarchy_level4": "",
  "producthierarchy_level5": "",
  "producthierarchy_level6": "",
  "producthierarchy_level7": "",
  "currency": "Swiss franc",
  "file_name_1": "115706_1.jpg",
  "image_url_1": "https://sortiment.lidl.ch/media/catalog/product/cache/38c728e59b3a47950872534eff8a1e63/1/1/115706_PSXX.jpg"
},
{
  "_id": {
    "$oid": "66f3a792d23ade1eec55fdbd"
  },
  "unique_id": "66048",
  "product_name": "Ananas Scheiben",
  "brand": "Freshona",
  "regular_price": 2.99,
  "selling_price": 2.99,
  "price_per_unit": "pro 420g (Abtropfgewicht) | 100g = 0.72 CHF",
  "breadcrumb": "Sortiment > Sortiment > Ananas Scheiben",
  "pdp_url": "https://sortiment.lidl.ch/de/ananas-scheiben-0066048",
  "product_description": "Artikelnr.: 66048",
  "producthierarchy_level1": "Sortiment",
  "producthierarchy_level2": "Sortiment",
  "producthierarchy_level3": "Ananas Scheiben",
  "producthierarchy_level4": "",
  "producthierarchy_level5": "",
  "producthierarchy_level6": "",
  "producthierarchy_level7": "",
  "currency": "Swiss franc",
  "file_name_1": "66048_1.jpg",
  "image_url_1": "https://sortiment.lidl.ch/media/catalog/product/cache/38c728e59b3a47950872534eff8a1e63/6/6/66048_Kolli_PSXX.jpg",
  "file_name_2": "66048_2.jpg",
  "image_url_2": "https://sortiment.lidl.ch/media/catalog/product/cache/38c728e59b3a47950872534eff8a1e63/6/6/66048_PSXX_1.jpg"
},
{
  "_id": {
    "$oid": "66f3a793d23ade1eec55fdbe"
  },
  "unique_id": "144007",
  "product_name": "Schokoladen Grosstafeln",
  "brand": "Fin Carré",
  "regular_price": 3.99,
  "selling_price": 3.99,
  "price_per_unit": "pro 295g, 300g | 100g = 1.36, 1.33 CHF",
  "breadcrumb": "Sortiment > Sortiment > Schokoladen Grosstafeln",
  "pdp_url": "https://sortiment.lidl.ch/de/schokoladen-grosstafeln-0144007",
  "product_description": "Artikelnr.: 144007",
  "producthierarchy_level1": "Sortiment",
  "producthierarchy_level2": "Sortiment",
  "producthierarchy_level3": "Schokoladen Grosstafeln",
  "producthierarchy_level4": "",
  "producthierarchy_level5": "",
  "producthierarchy_level6": "",
  "producthierarchy_level7": "",
  "currency": "Swiss franc",
  "file_name_1": "144007_1.jpg",
  "image_url_1": "https://sortiment.lidl.ch/media/catalog/product/cache/38c728e59b3a47950872534eff8a1e63/1/4/144007_Almond_Caramel_PSXX_1.jpg",
  "file_name_2": "144007_2.jpg",
  "image_url_2": "https://sortiment.lidl.ch/media/catalog/product/cache/38c728e59b3a47950872534eff8a1e63/1/4/144007_Choco_Biscuit_PSXX_1.jpg",
  "file_name_3": "144007_3.jpg",
  "image_url_3": "https://sortiment.lidl.ch/media/catalog/product/cache/38c728e59b3a47950872534eff8a1e63/1/4/144007_NEO_PSXX_1.jpg",
  "file_name_4": "144007_4.jpg",
  "image_url_4": "https://sortiment.lidl.ch/media/catalog/product/cache/38c728e59b3a47950872534eff8a1e63/1/4/144007_Peanut_Caramel_PSXX_1.jpg",
  "file_name_5": "144007_5.jpg",
  "image_url_5": "https://sortiment.lidl.ch/media/catalog/product/cache/38c728e59b3a47950872534eff8a1e63/1/4/144007_Toffee_PSXX_1.jpg"
},
{
  "_id": {
    "$oid": "66f3a794d23ade1eec55fdbf"
  },
  "unique_id": "6000091",
  "product_name": "Chilischoten gemahlen",
  "brand": "Italiamo",
  "regular_price": 2.99,
  "selling_price": 2.99,
  "price_per_unit": "pro 170g | 100g = 1.76 CHF",
  "breadcrumb": "Sortiment > Sortiment > Chilischoten gemahlen",
  "pdp_url": "https://sortiment.lidl.ch/de/chilischoten-gemahlen-6000091",
  "product_description": "Artikelnr.: 6000091",
  "producthierarchy_level1": "Sortiment",
  "producthierarchy_level2": "Sortiment",
  "producthierarchy_level3": "Chilischoten gemahlen",
  "producthierarchy_level4": "",
  "producthierarchy_level5": "",
  "producthierarchy_level6": "",
  "producthierarchy_level7": "",
  "currency": "Swiss franc",
  "file_name_1": "6000091_1.jpg",
  "image_url_1": "https://sortiment.lidl.ch/media/catalog/product/cache/38c728e59b3a47950872534eff8a1e63/6/0/6000091_Italiamo_PSXX.jpg"
},
{
  "_id": {
    "$oid": "66f3a795d23ade1eec55fdc0"
  },
  "unique_id": "3930",
  "product_name": "Knorr Haferkernsuppe",
  "brand": "Knorr",
  "regular_price": 2.49,
  "selling_price": 2.49,
  "price_per_unit": "pro 75g | 100g = 3.32 CHF",
  "breadcrumb": "Sortiment > Sortiment > Knorr Haferkernsuppe",
  "pdp_url": "https://sortiment.lidl.ch/de/knorr-haferkernsuppe-0003930",
  "product_description": "Artikelnr.: 3930",
  "producthierarchy_level1": "Sortiment",
  "producthierarchy_level2": "Sortiment",
  "producthierarchy_level3": "Knorr Haferkernsuppe",
  "producthierarchy_level4": "",
  "producthierarchy_level5": "",
  "producthierarchy_level6": "",
  "producthierarchy_level7": "",
  "currency": "Swiss franc",
  "file_name_1": "3930_1.jpg",
  "image_url_1": "https://sortiment.lidl.ch/media/catalog/product/cache/38c728e59b3a47950872534eff8a1e63/3/9/3930_PSXX_1.jpg"
},
{
  "_id": {
    "$oid": "66f3a796d23ade1eec55fdc1"
  },
  "unique_id": "3883",
  "product_name": "Knorr Fidelisuppe mit Fleischkügeli",
  "brand": "Knorr",
  "regular_price": 2.49,
  "selling_price": 2.49,
  "price_per_unit": "pro 78g | 100g = 3.20 CHF",
  "breadcrumb": "Sortiment > Sortiment > Knorr Fidelisuppe mit Fleischkügeli",
  "pdp_url": "https://sortiment.lidl.ch/de/knorr-fidelisuppe-mit-fleischkuegeli-0003883",
  "product_description": "Artikelnr.: 3883",
  "producthierarchy_level1": "Sortiment",
  "producthierarchy_level2": "Sortiment",
  "producthierarchy_level3": "Knorr Fidelisuppe mit Fleischkügeli",
  "producthierarchy_level4": "",
  "producthierarchy_level5": "",
  "producthierarchy_level6": "",
  "producthierarchy_level7": "",
  "currency": "Swiss franc",
  "file_name_1": "3883_1.jpg",
  "image_url_1": "https://sortiment.lidl.ch/media/catalog/product/cache/38c728e59b3a47950872534eff8a1e63/3/8/3883_PSXX_1.jpg"
},
{
  "_id": {
    "$oid": "66f3a797d23ade1eec55fdc2"
  },
  "unique_id": "3882",
  "product_name": "Knorr Minestrone",
  "brand": "Knorr",
  "regular_price": 2.49,
  "selling_price": 2.49,
  "price_per_unit": "pro 89g | 100g = 2.80 CHF",
  "breadcrumb": "Sortiment > Sortiment > Knorr Minestrone",
  "pdp_url": "https://sortiment.lidl.ch/de/knorr-minestrone-0003882",
  "product_description": "Artikelnr.: 3882",
  "producthierarchy_level1": "Sortiment",
  "producthierarchy_level2": "Sortiment",
  "producthierarchy_level3": "Knorr Minestrone",
  "producthierarchy_level4": "",
  "producthierarchy_level5": "",
  "producthierarchy_level6": "",
  "producthierarchy_level7": "",
  "currency": "Swiss franc",
  "file_name_1": "3882_1.jpg",
  "image_url_1": "https://sortiment.lidl.ch/media/catalog/product/cache/38c728e59b3a47950872534eff8a1e63/3/8/3882_PSXX_1.jpg"
},
{
  "_id": {
    "$oid": "66f3a798d23ade1eec55fdc3"
  },
  "unique_id": "3881",
  "product_name": "Knorr Buchstabensuppe",
  "brand": "Knorr",
  "regular_price": 2.19,
  "selling_price": 2.19,
  "price_per_unit": "pro 71g | 100g = 3.09 CHF",
  "breadcrumb": "Sortiment > Sortiment > Knorr Buchstabensuppe",
  "pdp_url": "https://sortiment.lidl.ch/de/knorr-buchstabensuppe-0003881",
  "product_description": "Artikelnr.: 3881",
  "producthierarchy_level1": "Sortiment",
  "producthierarchy_level2": "Sortiment",
  "producthierarchy_level3": "Knorr Buchstabensuppe",
  "producthierarchy_level4": "",
  "producthierarchy_level5": "",
  "producthierarchy_level6": "",
  "producthierarchy_level7": "",
  "currency": "Swiss franc",
  "file_name_1": "3881_1.jpg",
  "image_url_1": "https://sortiment.lidl.ch/media/catalog/product/cache/38c728e59b3a47950872534eff8a1e63/3/8/3881_PSXX.jpg"
},
{
  "_id": {
    "$oid": "66f3a799d23ade1eec55fdc4"
  },
  "unique_id": "3880",
  "product_name": "Knorr Spargel-Créme Suppe",
  "brand": "Knorr",
  "regular_price": 2.19,
  "selling_price": 2.19,
  "price_per_unit": "pro 65g | 100g = 3.37 CHF",
  "breadcrumb": "Sortiment > Sortiment > Knorr Spargel-Créme Suppe",
  "pdp_url": "https://sortiment.lidl.ch/de/knorr-spargel-creme-suppe-0003880",
  "product_description": "Artikelnr.: 3880",
  "producthierarchy_level1": "Sortiment",
  "producthierarchy_level2": "Sortiment",
  "producthierarchy_level3": "Knorr Spargel-Créme Suppe",
  "producthierarchy_level4": "",
  "producthierarchy_level5": "",
  "producthierarchy_level6": "",
  "producthierarchy_level7": "",
  "currency": "Swiss franc",
  "file_name_1": "3880_1.jpg",
  "image_url_1": "https://sortiment.lidl.ch/media/catalog/product/cache/38c728e59b3a47950872534eff8a1e63/3/8/3880_PSXX_1.jpg"
},
{
  "_id": {
    "$oid": "66f3a79bd23ade1eec55fdc5"
  },
  "unique_id": "3878",
  "product_name": "Knorr Steinpilz-Créme Suppe",
  "brand": "Knorr",
  "regular_price": 2.19,
  "selling_price": 2.19,
  "price_per_unit": "pro 66g | 100g = 3.32 CHF",
  "breadcrumb": "Sortiment > Sortiment > Knorr Steinpilz-Créme Suppe",
  "pdp_url": "https://sortiment.lidl.ch/de/knorr-steinpilz-creme-suppe-0003878",
  "product_description": "Artikelnr.: 3878",
  "producthierarchy_level1": "Sortiment",
  "producthierarchy_level2": "Sortiment",
  "producthierarchy_level3": "Knorr Steinpilz-Créme Suppe",
  "producthierarchy_level4": "",
  "producthierarchy_level5": "",
  "producthierarchy_level6": "",
  "producthierarchy_level7": "",
  "currency": "Swiss franc",
  "file_name_1": "3878_1.jpg",
  "image_url_1": "https://sortiment.lidl.ch/media/catalog/product/cache/38c728e59b3a47950872534eff8a1e63/3/8/3878_PSXX_1.jpg"
},
{
  "_id": {
    "$oid": "66f3a79cd23ade1eec55fdc6"
  },
  "unique_id": "3877",
  "product_name": "Knorr Bündner Gerstensuppe",
  "brand": "Knorr",
  "regular_price": 2.49,
  "selling_price": 2.49,
  "price_per_unit": "pro 108g | 100g = 2.31 CHF",
  "breadcrumb": "Sortiment > Sortiment > Knorr Bündner Gerstensuppe",
  "pdp_url": "https://sortiment.lidl.ch/de/knorr-buendner-gerstensuppe-0003877",
  "product_description": "Artikelnr.: 3877",
  "producthierarchy_level1": "Sortiment",
  "producthierarchy_level2": "Sortiment",
  "producthierarchy_level3": "Knorr Bündner Gerstensuppe",
  "producthierarchy_level4": "",
  "producthierarchy_level5": "",
  "producthierarchy_level6": "",
  "producthierarchy_level7": "",
  "currency": "Swiss franc",
  "file_name_1": "3877_1.jpg",
  "image_url_1": "https://sortiment.lidl.ch/media/catalog/product/cache/38c728e59b3a47950872534eff8a1e63/3/8/3877_PSXX_1.jpg"
},
{
  "_id": {
    "$oid": "66f3a79dd23ade1eec55fdc7"
  },
  "unique_id": "3858",
  "product_name": "Valser Mineralwasser",
  "brand": "Valser",
  "regular_price": 1.15,
  "selling_price": 1.15,
  "price_per_unit": "pro 1,5l | 1L = 0.77 CHF",
  "breadcrumb": "Sortiment > Sortiment > Valser Mineralwasser",
  "pdp_url": "https://sortiment.lidl.ch/de/valser-mineralwasser-0003858",
  "product_description": "Artikelnr.: 3858",
  "producthierarchy_level1": "Sortiment",
  "producthierarchy_level2": "Sortiment",
  "producthierarchy_level3": "Valser Mineralwasser",
  "producthierarchy_level4": "",
  "producthierarchy_level5": "",
  "producthierarchy_level6": "",
  "producthierarchy_level7": "",
  "currency": "Swiss franc",
  "file_name_1": "3858_1.jpg",
  "image_url_1": "https://sortiment.lidl.ch/media/catalog/product/cache/38c728e59b3a47950872534eff8a1e63/3/8/3858_6erPack_Prickelnd_PSXX.jpg",
  "file_name_2": "3858_2.jpg",
  "image_url_2": "https://sortiment.lidl.ch/media/catalog/product/cache/38c728e59b3a47950872534eff8a1e63/3/8/3858_6erPack_Still_PSXX.jpg",
  "file_name_3": "3858_3.jpg",
  "image_url_3": "https://sortiment.lidl.ch/media/catalog/product/cache/38c728e59b3a47950872534eff8a1e63/3/8/3858_PrickelndEF_PSXX.jpg",
  "file_name_4": "3858_4.jpg",
  "image_url_4": "https://sortiment.lidl.ch/media/catalog/product/cache/38c728e59b3a47950872534eff8a1e63/3/8/3858_StillEF_PSXX.jpg"
},
{
  "_id": {
    "$oid": "66f3a79fd23ade1eec55fdc8"
  },
  "unique_id": "137903",
  "product_name": "ASC Lachsfilet Portionen",
  "brand": "Fisher's Choice",
  "regular_price": 17.49,
  "selling_price": 17.49,
  "price_per_unit": "pro 4x125g | 100g = 3.50 CHF",
  "breadcrumb": "Sortiment > Sortiment > ASC Lachsfilet Portionen",
  "pdp_url": "https://sortiment.lidl.ch/de/asc-lachsfilet-portionen-0137903",
  "product_description": "Artikelnr.: 137903",
  "producthierarchy_level1": "Sortiment",
  "producthierarchy_level2": "Sortiment",
  "producthierarchy_level3": "ASC Lachsfilet Portionen",
  "producthierarchy_level4": "",
  "producthierarchy_level5": "",
  "producthierarchy_level6": "",
  "producthierarchy_level7": "",
  "currency": "Swiss franc",
  "file_name_1": "137903_1.jpg",
  "image_url_1": "https://sortiment.lidl.ch/media/catalog/product/cache/38c728e59b3a47950872534eff8a1e63/1/3/137903_FKBF.jpg",
  "file_name_2": "137903_2.jpg",
  "image_url_2": "https://sortiment.lidl.ch/media/catalog/product/cache/38c728e59b3a47950872534eff8a1e63/1/3/137903_PSXX.jpg"
},
{
  "_id": {
    "$oid": "66f3a7a0d23ade1eec55fdc9"
  },
  "unique_id": "48087",
  "product_name": "Feta AOP",
  "brand": "Milbona",
  "regular_price": 2.59,
  "selling_price": 2.59,
  "price_per_unit": "pro 200g | 100g = 1.30 CHF",
  "breadcrumb": "Sortiment > Sortiment > Feta AOP",
  "pdp_url": "https://sortiment.lidl.ch/de/feta-aop-0048087",
  "product_description": "Artikelnr.: 48087",
  "producthierarchy_level1": "Sortiment",
  "producthierarchy_level2": "Sortiment",
  "producthierarchy_level3": "Feta AOP",
  "producthierarchy_level4": "",
  "producthierarchy_level5": "",
  "producthierarchy_level6": "",
  "producthierarchy_level7": "",
  "currency": "Swiss franc",
  "file_name_1": "48087_1.jpg",
  "image_url_1": "https://sortiment.lidl.ch/media/amasty/amoptmobile/catalog/product/cache/38c728e59b3a47950872534eff8a1e63/4/8/48087_PSXX.jpg"
},
{
  "_id": {
    "$oid": "66f3a7a1d23ade1eec55fdca"
  },
  "unique_id": "22664",
  "product_name": "Schmelzkäse Scheiben",
  "brand": "Milbona",
  "regular_price": 1.75,
  "selling_price": 1.75,
  "price_per_unit": "pro 200g | 100g = 0.88 CHF",
  "breadcrumb": "Sortiment > Sortiment > Schmelzkäse Scheiben",
  "pdp_url": "https://sortiment.lidl.ch/de/schmelzkaese-scheiben-0022664",
  "product_description": "Artikelnr.: 22664",
  "producthierarchy_level1": "Sortiment",
  "producthierarchy_level2": "Sortiment",
  "producthierarchy_level3": "Schmelzkäse Scheiben",
  "producthierarchy_level4": "",
  "producthierarchy_level5": "",
  "producthierarchy_level6": "",
  "producthierarchy_level7": "",
  "currency": "Swiss franc",
  "file_name_1": "22664_1.jpg",
  "image_url_1": "https://sortiment.lidl.ch/media/catalog/product/cache/38c728e59b3a47950872534eff8a1e63/2/2/22664_Cheddar_PSXX.jpg",
  "file_name_2": "22664_2.jpg",
  "image_url_2": "https://sortiment.lidl.ch/media/catalog/product/cache/38c728e59b3a47950872534eff8a1e63/2/2/22664_Sandwich_PSXX_1.jpg",
  "file_name_3": "22664_3.jpg",
  "image_url_3": "https://sortiment.lidl.ch/media/catalog/product/cache/38c728e59b3a47950872534eff8a1e63/2/2/22664_Toast_PSXX.jpg"
},
{
  "_id": {
    "$oid": "66f3a7a3d23ade1eec55fdcb"
  },
  "unique_id": "5103341",
  "product_name": "Schweinsnierstück am Stück",
  "brand": "Bonvalle",
  "regular_price": 2.25,
  "selling_price": 2.25,
  "price_per_unit": "pro 100g, ca. 600g-1400g",
  "breadcrumb": "Sortiment > Sortiment > Schweinsnierstück am Stück",
  "pdp_url": "https://sortiment.lidl.ch/de/schweinsnierstueck-am-stueck-5103341",
  "product_description": "Artikelnr.: 5103341",
  "producthierarchy_level1": "Sortiment",
  "producthierarchy_level2": "Sortiment",
  "producthierarchy_level3": "Schweinsnierstück am Stück",
  "producthierarchy_level4": "",
  "producthierarchy_level5": "",
  "producthierarchy_level6": "",
  "producthierarchy_level7": "",
  "currency": "Swiss franc",
  "file_name_1": "5103341_1.jpg",
  "image_url_1": "https://sortiment.lidl.ch/media/catalog/product/cache/38c728e59b3a47950872534eff8a1e63/5/1/5103341_FKBF.jpg"
},
{
  "_id": {
    "$oid": "66f3a7a4d23ade1eec55fdcc"
  },
  "unique_id": "5106885",
  "product_name": "Güggeli",
  "brand": "Bonvalle",
  "regular_price": 0.99,
  "selling_price": 0.99,
  "price_per_unit": "pro 100g, ca. 800g-1200g",
  "breadcrumb": "Sortiment > Sortiment > Güggeli",
  "pdp_url": "https://sortiment.lidl.ch/de/gueggeli-5106885",
  "product_description": "Artikelnr.: 5106885",
  "producthierarchy_level1": "Sortiment",
  "producthierarchy_level2": "Sortiment",
  "producthierarchy_level3": "Güggeli",
  "producthierarchy_level4": "",
  "producthierarchy_level5": "",
  "producthierarchy_level6": "",
  "producthierarchy_level7": "",
  "currency": "Swiss franc",
  "file_name_1": "5106885_1.jpg",
  "image_url_1": "https://sortiment.lidl.ch/media/catalog/product/cache/38c728e59b3a47950872534eff8a1e63/5/1/5106885_FKBF.jpg",
  "file_name_2": "5106885_2.jpg",
  "image_url_2": "https://sortiment.lidl.ch/media/catalog/product/cache/38c728e59b3a47950872534eff8a1e63/5/1/5106885_PSXX.jpg"
},
{
  "_id": {
    "$oid": "66f3a7a5d23ade1eec55fdcd"
  },
  "unique_id": "5107962",
  "product_name": "Speckwürfeli light",
  "brand": "Maestade",
  "regular_price": 3.89,
  "selling_price": 3.89,
  "price_per_unit": "pro 140g | 100g = 2.78 CHF",
  "breadcrumb": "Sortiment > Sortiment > Speckwürfeli light",
  "pdp_url": "https://sortiment.lidl.ch/de/speckwuerfeli-light-5107962",
  "product_description": "Artikelnr.: 5107962",
  "producthierarchy_level1": "Sortiment",
  "producthierarchy_level2": "Sortiment",
  "producthierarchy_level3": "Speckwürfeli light",
  "producthierarchy_level4": "",
  "producthierarchy_level5": "",
  "producthierarchy_level6": "",
  "producthierarchy_level7": "",
  "currency": "Swiss franc",
  "file_name_1": "5107962_1.jpg",
  "image_url_1": "https://sortiment.lidl.ch/media/catalog/product/cache/38c728e59b3a47950872534eff8a1e63/5/1/5107962_FKBF.jpg",
  "file_name_2": "5107962_2.jpg",
  "image_url_2": "https://sortiment.lidl.ch/media/catalog/product/cache/38c728e59b3a47950872534eff8a1e63/5/1/5107962_PSXX.jpg"
},
{
  "_id": {
    "$oid": "66f3a7a6d23ade1eec55fdce"
  },
  "unique_id": "82706",
  "product_name": "Knoblauch",
  "brand": "",
  "regular_price": 0.45,
  "selling_price": 0.45,
  "price_per_unit": "pro Stück",
  "breadcrumb": "Sortiment > Sortiment > Knoblauch",
  "pdp_url": "https://sortiment.lidl.ch/de/knoblauch-0082706",
  "product_description": "Artikelnr.: 82706",
  "producthierarchy_level1": "Sortiment",
  "producthierarchy_level2": "Sortiment",
  "producthierarchy_level3": "Knoblauch",
  "producthierarchy_level4": "",
  "producthierarchy_level5": "",
  "producthierarchy_level6": "",
  "producthierarchy_level7": "",
  "currency": "Swiss franc",
  "file_name_1": "82706_1.jpg",
  "image_url_1": "https://sortiment.lidl.ch/media/catalog/product/cache/38c728e59b3a47950872534eff8a1e63/8/2/82706_OGFG.jpg"
},
{
  "_id": {
    "$oid": "66f3a7a7d23ade1eec55fdcf"
  },
  "unique_id": "5104984",
  "product_name": "Kürbisspätzli",
  "brand": "Chef Select",
  "regular_price": 2.99,
  "selling_price": 2.99,
  "price_per_unit": "pro 500g | 100g = 0.60 CHF",
  "breadcrumb": "Sortiment > Sortiment > Kürbisspätzli",
  "pdp_url": "https://sortiment.lidl.ch/de/kuerbisspaetzli-5104984",
  "product_description": "Artikelnr.: 5104984",
  "producthierarchy_level1": "Sortiment",
  "producthierarchy_level2": "Sortiment",
  "producthierarchy_level3": "Kürbisspätzli",
  "producthierarchy_level4": "",
  "producthierarchy_level5": "",
  "producthierarchy_level6": "",
  "producthierarchy_level7": "",
  "currency": "Swiss franc",
  "file_name_1": "5104984_1.jpg",
  "image_url_1": "https://sortiment.lidl.ch/media/catalog/product/cache/38c728e59b3a47950872534eff8a1e63/5/1/5104984_MOOB.jpg",
  "file_name_2": "5104984_2.jpg",
  "image_url_2": "https://sortiment.lidl.ch/media/catalog/product/cache/38c728e59b3a47950872534eff8a1e63/5/1/5104984_PSXX.jpg"
},
{
  "_id": {
    "$oid": "66f3a7a8d23ade1eec55fdd0"
  },
  "unique_id": "84440",
  "product_name": "Bio Baby Spinat 100g",
  "brand": "BIO Organic",
  "regular_price": 1.29,
  "selling_price": 1.29,
  "price_per_unit": "pro 100g",
  "breadcrumb": "Sortiment > Sortiment > Bio Baby Spinat 100g",
  "pdp_url": "https://sortiment.lidl.ch/de/bio-baby-spinat-100g-0084440",
  "product_description": "Artikelnr.: 84440",
  "producthierarchy_level1": "Sortiment",
  "producthierarchy_level2": "Sortiment",
  "producthierarchy_level3": "Bio Baby Spinat 100g",
  "producthierarchy_level4": "",
  "producthierarchy_level5": "",
  "producthierarchy_level6": "",
  "producthierarchy_level7": "",
  "currency": "Swiss franc",
  "file_name_1": "84440_1.jpg",
  "image_url_1": "https://sortiment.lidl.ch/media/catalog/product/cache/38c728e59b3a47950872534eff8a1e63/8/4/84440_OGFG.jpg"
},
{
  "_id": {
    "$oid": "66f3a7a9d23ade1eec55fdd1"
  },
  "unique_id": "25350",
  "product_name": "Christkindl Glühwein",
  "brand": "",
  "regular_price": 2.39,
  "selling_price": 2.39,
  "price_per_unit": "pro 1l",
  "breadcrumb": "Sortiment > Sortiment > Christkindl Glühwein",
  "pdp_url": "https://sortiment.lidl.ch/de/christkindl-gluehwein-0025350",
  "product_description": "Artikelnr.: 25350",
  "producthierarchy_level1": "Sortiment",
  "producthierarchy_level2": "Sortiment",
  "producthierarchy_level3": "Christkindl Glühwein",
  "producthierarchy_level4": "",
  "producthierarchy_level5": "",
  "producthierarchy_level6": "",
  "producthierarchy_level7": "",
  "currency": "Swiss franc",
  "file_name_1": "25350_1.jpg",
  "image_url_1": "https://sortiment.lidl.ch/media/catalog/product/cache/38c728e59b3a47950872534eff8a1e63/2/5/25350_PSWE.jpg"
},
{
  "_id": {
    "$oid": "66f3a7aad23ade1eec55fdd2"
  },
  "unique_id": "82735",
  "product_name": "Kohlrabi",
  "brand": "",
  "regular_price": 1.39,
  "selling_price": 1.39,
  "price_per_unit": "pro Stück",
  "breadcrumb": "Sortiment > Sortiment > Kohlrabi",
  "pdp_url": "https://sortiment.lidl.ch/de/kohlrabi-0082735",
  "product_description": "Artikelnr.: 82735",
  "producthierarchy_level1": "Sortiment",
  "producthierarchy_level2": "Sortiment",
  "producthierarchy_level3": "Kohlrabi",
  "producthierarchy_level4": "",
  "producthierarchy_level5": "",
  "producthierarchy_level6": "",
  "producthierarchy_level7": "",
  "currency": "Swiss franc",
  "file_name_1": "82735_1.jpg",
  "image_url_1": "https://sortiment.lidl.ch/media/catalog/product/cache/38c728e59b3a47950872534eff8a1e63/8/2/82735_OGFG.jpg"
},
{
  "_id": {
    "$oid": "66f3a7abd23ade1eec55fdd3"
  },
  "unique_id": "80220",
  "product_name": "Äpfel rot",
  "brand": "",
  "regular_price": 2.99,
  "selling_price": 2.99,
  "price_per_unit": "pro 1kg",
  "breadcrumb": "Sortiment > Sortiment > Äpfel rot",
  "pdp_url": "https://sortiment.lidl.ch/de/aepfel-rot-0080220",
  "product_description": "Artikelnr.: 80220",
  "producthierarchy_level1": "Sortiment",
  "producthierarchy_level2": "Sortiment",
  "producthierarchy_level3": "Äpfel rot",
  "producthierarchy_level4": "",
  "producthierarchy_level5": "",
  "producthierarchy_level6": "",
  "producthierarchy_level7": "",
  "currency": "Swiss franc",
  "file_name_1": "80220_1.jpg",
  "image_url_1": "https://sortiment.lidl.ch/media/catalog/product/cache/38c728e59b3a47950872534eff8a1e63/8/0/80220_OGFG.jpg"
},
{
  "_id": {
    "$oid": "66f3a7acd23ade1eec55fdd4"
  },
  "unique_id": "5103560",
  "product_name": "Butterzopf",
  "brand": "",
  "regular_price": 3.29,
  "selling_price": 3.29,
  "price_per_unit": "pro 460g | 100g = 0.72 CHF",
  "breadcrumb": "Sortiment > Sortiment > Butterzopf",
  "pdp_url": "https://sortiment.lidl.ch/de/butterzopf-5103560",
  "product_description": "Artikelnr.: 5103560 Hinweis: Bitte gleiche die Artikelnummer auf dem Preisschild mit bei der Zutatenliste stehenden Artikelnummer ab. Je nach Region sind unterschiedliche Lieferanten möglich. Artikelnummer: 5103560 - Butterzopf. Zutaten: 57% Weizenmehl , Wasser, 9% Butter , Frischkäse Vollfettstufe ( Vollmilch , Magermilch , Rahm , Milchproteinpulver ), Eier *, Backhefe, Meersalz, Weizenkleber , Gerstenmalz , Milchserumpulver , Dextrose, Weizenstärke , Zucker, Acerolafruchtpulver (auf Maltodextrin). *aus Freilandhaltung. Kann Spuren von Erdnüsse, Soja, Schalenfrüchte (Nüsse), Sellerie, Senf, Sesam und Sulfiten enthalten. Hergestellt in der Schweiz. Artikelnummer: 5107401 - Butterzopf. Zutaten: Weizenweissmehl , Wasser, 10% Butter, Eier* pasteurisiert, Hefe, jodiertes Speisesalz, Buttermilchpulver , Milchzucker, Weizenkleber, Traubenzucker, Weizenstärke, Gerstenmalzmehl, Weizenquellmehl, Mehlbehandlungsmittel: Ascorbinsäure. *aus Bodenhaltung. Kann Spuren von Erdnüssen, Soja, Schalenfrüchte (Nüsse), Sellerie, Senf, Sesam und Sulfiten enthalten. Hergestellt in der Schweiz.",
  "producthierarchy_level1": "Sortiment",
  "producthierarchy_level2": "Sortiment",
  "producthierarchy_level3": "Butterzopf",
  "producthierarchy_level4": "",
  "producthierarchy_level5": "",
  "producthierarchy_level6": "",
  "producthierarchy_level7": "",
  "currency": "Swiss franc",
  "file_name_1": "5103560_1.jpg",
  "image_url_1": "https://sortiment.lidl.ch/media/catalog/product/cache/38c728e59b3a47950872534eff8a1e63/5/1/5103560_FKBF_1.jpg"
},
{
  "_id": {
    "$oid": "66f3a7add23ade1eec55fdd5"
  },
  "unique_id": "1867",
  "product_name": "Findus Plätzli",
  "brand": "Findus",
  "regular_price": 7.49,
  "selling_price": 7.49,
  "price_per_unit": "pro 480g | 100g = 1.57 CHF",
  "breadcrumb": "Sortiment > Sortiment > Findus Plätzli",
  "pdp_url": "https://sortiment.lidl.ch/de/findus-plaetzli-0001867",
  "product_description": "Artikelnr.: 1867",
  "producthierarchy_level1": "Sortiment",
  "producthierarchy_level2": "Sortiment",
  "producthierarchy_level3": "Findus Plätzli",
  "producthierarchy_level4": "",
  "producthierarchy_level5": "",
  "producthierarchy_level6": "",
  "producthierarchy_level7": "",
  "currency": "Swiss franc",
  "file_name_1": "1867_1.jpg",
  "image_url_1": "https://sortiment.lidl.ch/media/catalog/product/cache/38c728e59b3a47950872534eff8a1e63/1/8/1867_Champignon_PSXX.jpg",
  "file_name_2": "1867_2.jpg",
  "image_url_2": "https://sortiment.lidl.ch/media/catalog/product/cache/38c728e59b3a47950872534eff8a1e63/1/8/1867_Spinat_PSXX.jpg"
},
{
  "_id": {
    "$oid": "66f3a7aed23ade1eec55fdd6"
  },
  "unique_id": "2855",
  "product_name": "Findus Plätzli Käse",
  "brand": "Findus",
  "regular_price": 7.49,
  "selling_price": 7.49,
  "price_per_unit": "pro 480g | 100g = 1.57 CHF",
  "breadcrumb": "Sortiment > Sortiment > Findus Plätzli Käse",
  "pdp_url": "https://sortiment.lidl.ch/de/findus-plaetzli-kaese-0002855",
  "product_description": "Artikelnr.: 2855",
  "producthierarchy_level1": "Sortiment",
  "producthierarchy_level2": "Sortiment",
  "producthierarchy_level3": "Findus Plätzli Käse",
  "producthierarchy_level4": "",
  "producthierarchy_level5": "",
  "producthierarchy_level6": "",
  "producthierarchy_level7": "",
  "currency": "Swiss franc",
  "file_name_1": "2855_1.jpg",
  "image_url_1": "https://sortiment.lidl.ch/media/catalog/product/cache/38c728e59b3a47950872534eff8a1e63/2/8/2855_Kaese_PSXX_001.jpg"
},
{
  "_id": {
    "$oid": "66f3a7afd23ade1eec55fdd7"
  },
  "unique_id": "32460",
  "product_name": "Raclette Scheiben Sélection",
  "brand": "Fromani",
  "regular_price": 7.99,
  "selling_price": 7.99,
  "price_per_unit": "pro 4x100g | 100g = 2.00 CHF",
  "breadcrumb": "Sortiment > Sortiment > Raclette Scheiben Sélection",
  "pdp_url": "https://sortiment.lidl.ch/de/raclette-scheiben-selection-0032460",
  "product_description": "Artikelnr.: 32460",
  "producthierarchy_level1": "Sortiment",
  "producthierarchy_level2": "Sortiment",
  "producthierarchy_level3": "Raclette Scheiben Sélection",
  "producthierarchy_level4": "",
  "producthierarchy_level5": "",
  "producthierarchy_level6": "",
  "producthierarchy_level7": "",
  "currency": "Swiss franc",
  "file_name_1": "32460_1.jpg",
  "image_url_1": "https://sortiment.lidl.ch/media/catalog/product/cache/38c728e59b3a47950872534eff8a1e63/3/2/32460_FKBF.jpg"
},
{
  "_id": {
    "$oid": "66f3a7b0d23ade1eec55fdd8"
  },
  "unique_id": "77384",
  "product_name": "Krustenschinken",
  "brand": "Dulano Selection",
  "regular_price": 4.69,
  "selling_price": 4.69,
  "price_per_unit": "pro 150g | 100g = 3.13 CHF",
  "breadcrumb": "Sortiment > Sortiment > Krustenschinken",
  "pdp_url": "https://sortiment.lidl.ch/de/krustenschinken-0077384",
  "product_description": "Artikelnr.: 77384",
  "producthierarchy_level1": "Sortiment",
  "producthierarchy_level2": "Sortiment",
  "producthierarchy_level3": "Krustenschinken",
  "producthierarchy_level4": "",
  "producthierarchy_level5": "",
  "producthierarchy_level6": "",
  "producthierarchy_level7": "",
  "currency": "Swiss franc",
  "file_name_1": "77384_1.jpg",
  "image_url_1": "https://sortiment.lidl.ch/media/catalog/product/cache/38c728e59b3a47950872534eff8a1e63/7/7/77384_FKBF.jpg"
},
{
  "_id": {
    "$oid": "66f3a7b2d23ade1eec55fdd9"
  },
  "unique_id": "5104210",
  "product_name": "Bio Vollmilch 3,9%",
  "brand": "Milbona",
  "regular_price": 1.85,
  "selling_price": 1.85,
  "price_per_unit": "pro 1l",
  "breadcrumb": "Sortiment > Sortiment > Bio Vollmilch 3,9%",
  "pdp_url": "https://sortiment.lidl.ch/de/bio-vollmilch-3-9-5104210",
  "product_description": "Artikelnr.: 5104210",
  "producthierarchy_level1": "Sortiment",
  "producthierarchy_level2": "Sortiment",
  "producthierarchy_level3": "Bio Vollmilch 3,9%",
  "producthierarchy_level4": "",
  "producthierarchy_level5": "",
  "producthierarchy_level6": "",
  "producthierarchy_level7": "",
  "currency": "Swiss franc",
  "file_name_1": "5104210_1.jpg",
  "image_url_1": "https://sortiment.lidl.ch/media/catalog/product/cache/38c728e59b3a47950872534eff8a1e63/5/1/5104210_PSXX.jpg"
},
{
  "_id": {
    "$oid": "66f3a7b3d23ade1eec55fdda"
  },
  "unique_id": "5104211",
  "product_name": "Bio Milchdrink 2,5%",
  "brand": "Milbona",
  "regular_price": 1.85,
  "selling_price": 1.85,
  "price_per_unit": "pro 1l",
  "breadcrumb": "Sortiment > Sortiment > Bio Milchdrink 2,5%",
  "pdp_url": "https://sortiment.lidl.ch/de/bio-milchdrink-2-5-5104211",
  "product_description": "Artikelnr.: 5104211",
  "producthierarchy_level1": "Sortiment",
  "producthierarchy_level2": "Sortiment",
  "producthierarchy_level3": "Bio Milchdrink 2,5%",
  "producthierarchy_level4": "",
  "producthierarchy_level5": "",
  "producthierarchy_level6": "",
  "producthierarchy_level7": "",
  "currency": "Swiss franc",
  "file_name_1": "5104211_1.jpg",
  "image_url_1": "https://sortiment.lidl.ch/media/catalog/product/cache/38c728e59b3a47950872534eff8a1e63/5/1/5104211_PSXX.jpg"
},
{
  "_id": {
    "$oid": "66f3a7b4d23ade1eec55fddb"
  },
  "unique_id": "2474",
  "product_name": "Müllermilch",
  "brand": "Müller",
  "regular_price": 1.49,
  "selling_price": 1.49,
  "price_per_unit": "pro 400ml | 1L = 3.73 CHF",
  "breadcrumb": "Sortiment > Sortiment > Müllermilch",
  "pdp_url": "https://sortiment.lidl.ch/de/muellermilch-0002474",
  "product_description": "Artikelnr.: 2474",
  "producthierarchy_level1": "Sortiment",
  "producthierarchy_level2": "Sortiment",
  "producthierarchy_level3": "Müllermilch",
  "producthierarchy_level4": "",
  "producthierarchy_level5": "",
  "producthierarchy_level6": "",
  "producthierarchy_level7": "",
  "currency": "Swiss franc",
  "file_name_1": "2474_1.jpg",
  "image_url_1": "https://sortiment.lidl.ch/media/catalog/product/cache/38c728e59b3a47950872534eff8a1e63/2/4/2474_Banane_PSXX.jpg",
  "file_name_2": "2474_2.jpg",
  "image_url_2": "https://sortiment.lidl.ch/media/catalog/product/cache/38c728e59b3a47950872534eff8a1e63/2/4/2474_Cookies_and_Cream_PSXX.jpg",
  "file_name_3": "2474_3.jpg",
  "image_url_3": "https://sortiment.lidl.ch/media/catalog/product/cache/38c728e59b3a47950872534eff8a1e63/2/4/2474_Erdbeere_PSXX.jpg",
  "file_name_4": "2474_4.jpg",
  "image_url_4": "https://sortiment.lidl.ch/media/catalog/product/cache/38c728e59b3a47950872534eff8a1e63/2/4/2474_Schoko_PSXX.jpg"
},
{
  "_id": {
    "$oid": "66f3a7b6d23ade1eec55fddc"
  },
  "unique_id": "1008",
  "product_name": "Mont-sur-Rolle La Côte AOC",
  "brand": "",
  "regular_price": 6.95,
  "selling_price": 6.95,
  "price_per_unit": "pro 0,75l | 1L = 9.27 CHF",
  "breadcrumb": "Sortiment > Sortiment > Mont-sur-Rolle La Côte AOC",
  "pdp_url": "https://sortiment.lidl.ch/de/mont-sur-rolle-la-cote-aoc-0001008",
  "product_description": "Artikelnr.: 1008",
  "producthierarchy_level1": "Sortiment",
  "producthierarchy_level2": "Sortiment",
  "producthierarchy_level3": "Mont-sur-Rolle La Côte AOC",
  "producthierarchy_level4": "",
  "producthierarchy_level5": "",
  "producthierarchy_level6": "",
  "producthierarchy_level7": "",
  "currency": "Swiss franc",
  "file_name_1": "1008_1.jpg",
  "image_url_1": "https://sortiment.lidl.ch/media/catalog/product/cache/38c728e59b3a47950872534eff8a1e63/1/0/1008_PSWE.jpg"
},
{
  "_id": {
    "$oid": "66f3a7b7d23ade1eec55fddd"
  },
  "unique_id": "2326",
  "product_name": "Pinot Noir Salgesch AOC",
  "brand": "",
  "regular_price": 9.99,
  "selling_price": 9.99,
  "price_per_unit": "pro 0,75l | 1L = 13.32 CHF",
  "breadcrumb": "Sortiment > Sortiment > Pinot Noir Salgesch AOC",
  "pdp_url": "https://sortiment.lidl.ch/de/pinot-noir-salgesch-aoc-0002326",
  "product_description": "Artikelnr.: 2326",
  "producthierarchy_level1": "Sortiment",
  "producthierarchy_level2": "Sortiment",
  "producthierarchy_level3": "Pinot Noir Salgesch AOC",
  "producthierarchy_level4": "",
  "producthierarchy_level5": "",
  "producthierarchy_level6": "",
  "producthierarchy_level7": "",
  "currency": "Swiss franc",
  "file_name_1": "2326_1.jpg",
  "image_url_1": "https://sortiment.lidl.ch/media/catalog/product/cache/38c728e59b3a47950872534eff8a1e63/2/3/2326_PSWE_1.jpg"
},
{
  "_id": {
    "$oid": "66f3a7b9d23ade1eec55fdde"
  },
  "unique_id": "1017",
  "product_name": "Dôle Blanche du Valais AOC",
  "brand": "",
  "regular_price": 7.45,
  "selling_price": 4.95,
  "price_per_unit": "pro 0,75l | 1L = 6.60 CHF",
  "breadcrumb": "Sortiment > Sortiment > Dôle Blanche du Valais AOC",
  "pdp_url": "https://sortiment.lidl.ch/de/dole-blanche-du-valais-aoc-0001017",
  "product_description": "Artikelnr.: 1017",
  "producthierarchy_level1": "Sortiment",
  "producthierarchy_level2": "Sortiment",
  "producthierarchy_level3": "Dôle Blanche du Valais AOC",
  "producthierarchy_level4": "",
  "producthierarchy_level5": "",
  "producthierarchy_level6": "",
  "producthierarchy_level7": "",
  "currency": "Swiss franc",
  "file_name_1": "1017_1.jpg",
  "image_url_1": "https://sortiment.lidl.ch/media/catalog/product/cache/38c728e59b3a47950872534eff8a1e63/1/0/1017_PSWE.jpg"
},
{
  "_id": {
    "$oid": "66f3a7bad23ade1eec55fddf"
  },
  "unique_id": "43",
  "product_name": "Tonic/Ginger Ale/ Bitter Lemon",
  "brand": "Freeway",
  "regular_price": 0.59,
  "selling_price": 0.59,
  "price_per_unit": "pro 1l",
  "breadcrumb": "Sortiment > Sortiment > Tonic/Ginger Ale/ Bitter Lemon",
  "pdp_url": "https://sortiment.lidl.ch/de/tonic-ginger-ale-bitter-lemon-0000043",
  "product_description": "Artikelnr.: 43",
  "producthierarchy_level1": "Sortiment",
  "producthierarchy_level2": "Sortiment",
  "producthierarchy_level3": "Tonic/Ginger Ale/ Bitter Lemon",
  "producthierarchy_level4": "",
  "producthierarchy_level5": "",
  "producthierarchy_level6": "",
  "producthierarchy_level7": "",
  "currency": "Swiss franc",
  "file_name_1": "43_1.jpg",
  "image_url_1": "https://sortiment.lidl.ch/media/catalog/product/cache/38c728e59b3a47950872534eff8a1e63/4/3/43_BitterLemon_EF_PSXX_1.jpg",
  "file_name_2": "43_2.jpg",
  "image_url_2": "https://sortiment.lidl.ch/media/catalog/product/cache/38c728e59b3a47950872534eff8a1e63/4/3/43_BitterLemon_Pack_PSXX_1.jpg",
  "file_name_3": "43_3.jpg",
  "image_url_3": "https://sortiment.lidl.ch/media/catalog/product/cache/38c728e59b3a47950872534eff8a1e63/4/3/43_GingerAle_EF_PSXX_1.jpg",
  "file_name_4": "43_4.jpg",
  "image_url_4": "https://sortiment.lidl.ch/media/catalog/product/cache/38c728e59b3a47950872534eff8a1e63/4/3/43_GingerAle_Pack_PSXX_1.jpg",
  "file_name_5": "43_5.jpg",
  "image_url_5": "https://sortiment.lidl.ch/media/catalog/product/cache/38c728e59b3a47950872534eff8a1e63/4/3/43_TonicWater_EF_PSXX_1.jpg",
  "file_name_6": "43_6.jpg",
  "image_url_6": "https://sortiment.lidl.ch/media/catalog/product/cache/38c728e59b3a47950872534eff8a1e63/4/3/43_TonicWater_Pack_PSXX_1.jpg"
},
{
  "_id": {
    "$oid": "66f3a7bbd23ade1eec55fde0"
  },
  "unique_id": "2795",
  "product_name": "Chio Chips",
  "brand": "Chio",
  "regular_price": 5.49,
  "selling_price": 5.49,
  "price_per_unit": "pro 280g | 100g = 1.97 CHF",
  "breadcrumb": "Sortiment > Sortiment > Chio Chips",
  "pdp_url": "https://sortiment.lidl.ch/de/chio-chips-0002795",
  "product_description": "Artikelnr.: 2795",
  "producthierarchy_level1": "Sortiment",
  "producthierarchy_level2": "Sortiment",
  "producthierarchy_level3": "Chio Chips",
  "producthierarchy_level4": "",
  "producthierarchy_level5": "",
  "producthierarchy_level6": "",
  "producthierarchy_level7": "",
  "currency": "Swiss franc",
  "file_name_1": "2795_1.jpg",
  "image_url_1": "https://sortiment.lidl.ch/media/catalog/product/cache/38c728e59b3a47950872534eff8a1e63/2/7/2795_ChioChipsRedPaprika_PSXX.jpg",
  "file_name_2": "2795_2.jpg",
  "image_url_2": "https://sortiment.lidl.ch/media/catalog/product/cache/38c728e59b3a47950872534eff8a1e63/2/7/2795_ChioChipsSalted_PSXX.jpg"
},
{
  "_id": {
    "$oid": "66f3a7bcd23ade1eec55fde1"
  },
  "unique_id": "3482",
  "product_name": "Coca-Cola Zero",
  "brand": "Coca-Cola",
  "regular_price": 1.99,
  "selling_price": 1.99,
  "price_per_unit": "pro 1,25l | 1L = 1.60 CHF",
  "breadcrumb": "Sortiment > Sortiment > Coca-Cola Zero",
  "pdp_url": "https://sortiment.lidl.ch/de/coca-cola-zero-0003482",
  "product_description": "Artikelnr.: 3482",
  "producthierarchy_level1": "Sortiment",
  "producthierarchy_level2": "Sortiment",
  "producthierarchy_level3": "Coca-Cola Zero",
  "producthierarchy_level4": "",
  "producthierarchy_level5": "",
  "producthierarchy_level6": "",
  "producthierarchy_level7": "",
  "currency": "Swiss franc",
  "file_name_1": "3482_1.jpg",
  "image_url_1": "https://sortiment.lidl.ch/media/catalog/product/cache/38c728e59b3a47950872534eff8a1e63/3/4/3482_6er_PSXX.jpg",
  "file_name_2": "3482_2.jpg",
  "image_url_2": "https://sortiment.lidl.ch/media/catalog/product/cache/38c728e59b3a47950872534eff8a1e63/3/4/3482_EF_Zero_PSXX.jpg"
},
{
  "_id": {
    "$oid": "66f3a7bed23ade1eec55fde2"
  },
  "unique_id": "3481",
  "product_name": "Coca-Cola Original",
  "brand": "Coca-Cola",
  "regular_price": 1.99,
  "selling_price": 1.99,
  "price_per_unit": "pro 1,25l | 1L = 1.60 CHF",
  "breadcrumb": "Sortiment > Sortiment > Coca-Cola Original",
  "pdp_url": "https://sortiment.lidl.ch/de/coca-cola-original-0003481",
  "product_description": "Artikelnr.: 3481",
  "producthierarchy_level1": "Sortiment",
  "producthierarchy_level2": "Sortiment",
  "producthierarchy_level3": "Coca-Cola Original",
  "producthierarchy_level4": "",
  "producthierarchy_level5": "",
  "producthierarchy_level6": "",
  "producthierarchy_level7": "",
  "currency": "Swiss franc",
  "file_name_1": "3481_1.jpg",
  "image_url_1": "https://sortiment.lidl.ch/media/catalog/product/cache/38c728e59b3a47950872534eff8a1e63/3/4/3481_6er_PSXX.jpg",
  "file_name_2": "3481_2.jpg",
  "image_url_2": "https://sortiment.lidl.ch/media/catalog/product/cache/38c728e59b3a47950872534eff8a1e63/3/4/3481_EF_PSXX.jpg"
},
{
  "_id": {
    "$oid": "66f3a7bfd23ade1eec55fde3"
  },
  "unique_id": "82690",
  "product_name": "Fenchel",
  "brand": "",
  "regular_price": 3.39,
  "selling_price": 2.49,
  "price_per_unit": "pro 1kg",
  "breadcrumb": "Sortiment > Sortiment > Fenchel",
  "pdp_url": "https://sortiment.lidl.ch/de/fenchel-0082690",
  "product_description": "Artikelnr.: 82690",
  "producthierarchy_level1": "Sortiment",
  "producthierarchy_level2": "Sortiment",
  "producthierarchy_level3": "Fenchel",
  "producthierarchy_level4": "",
  "producthierarchy_level5": "",
  "producthierarchy_level6": "",
  "producthierarchy_level7": "",
  "currency": "Swiss franc",
  "file_name_1": "82690_1.jpg",
  "image_url_1": "https://sortiment.lidl.ch/media/catalog/product/cache/38c728e59b3a47950872534eff8a1e63/8/2/82690_OGFG.jpg"
},
{
  "_id": {
    "$oid": "66f3a7c0d23ade1eec55fde4"
  },
  "unique_id": "1826",
  "product_name": "Bio Eistee",
  "brand": "Freeway",
  "regular_price": 0.89,
  "selling_price": 0.89,
  "price_per_unit": "pro 1l",
  "breadcrumb": "Sortiment > Sortiment > Bio Eistee",
  "pdp_url": "https://sortiment.lidl.ch/de/bio-eistee-0001826",
  "product_description": "Artikelnr.: 1826",
  "producthierarchy_level1": "Sortiment",
  "producthierarchy_level2": "Sortiment",
  "producthierarchy_level3": "Bio Eistee",
  "producthierarchy_level4": "",
  "producthierarchy_level5": "",
  "producthierarchy_level6": "",
  "producthierarchy_level7": "",
  "currency": "Swiss franc",
  "file_name_1": "1826_1.jpg",
  "image_url_1": "https://sortiment.lidl.ch/media/catalog/product/cache/38c728e59b3a47950872534eff8a1e63/1/8/1826_Alpenkreauter_PSXX.jpg",
  "file_name_2": "1826_2.jpg",
  "image_url_2": "https://sortiment.lidl.ch/media/catalog/product/cache/38c728e59b3a47950872534eff8a1e63/1/8/1826_Hagebutter_PSXX.jpg",
  "file_name_3": "1826_3.jpg",
  "image_url_3": "https://sortiment.lidl.ch/media/catalog/product/cache/38c728e59b3a47950872534eff8a1e63/1/8/1826_Zitrone_PSXX.jpg"
},
{
  "_id": {
    "$oid": "66f3a7c1d23ade1eec55fde5"
  },
  "unique_id": "28211",
  "product_name": "Baguette française",
  "brand": "",
  "regular_price": 1.39,
  "selling_price": 1.39,
  "price_per_unit": "pro 250g | 100g = 0.56 CHF",
  "breadcrumb": "Sortiment > Sortiment > Baguette française",
  "pdp_url": "https://sortiment.lidl.ch/de/baguette-francaise-0028211",
  "product_description": "Artikelnr.: 28211 Baguette Francaise Zutaten: Weizenmehl , Wasser, Backhefe, Speisesalz, Weizengluten , Weizenmalzmehl, deaktivierte Hefe, Mehlbehandlungsmittel: Ascorbinsäure. Kann Spuren von Ei, Erdnüsse, Soja, Milch, Schalenfrüchte (Nüsse), Sellerie, Senf, Sesam und Sulfiten enthalten. Hergestellt in Frankreich.",
  "producthierarchy_level1": "Sortiment",
  "producthierarchy_level2": "Sortiment",
  "producthierarchy_level3": "Baguette française",
  "producthierarchy_level4": "",
  "producthierarchy_level5": "",
  "producthierarchy_level6": "",
  "producthierarchy_level7": "",
  "currency": "Swiss franc",
  "file_name_1": "28211_1.jpg",
  "image_url_1": "https://sortiment.lidl.ch/media/catalog/product/cache/38c728e59b3a47950872534eff8a1e63/2/8/28211_FKBF.jpg"
},
{
  "_id": {
    "$oid": "66f3a7c2d23ade1eec55fde6"
  },
  "unique_id": "1635",
  "product_name": "Die Butter",
  "brand": "",
  "regular_price": 3.95,
  "selling_price": 3.95,
  "price_per_unit": "pro 250g | 100g = 1.58 CHF",
  "breadcrumb": "Sortiment > Sortiment > Die Butter",
  "pdp_url": "https://sortiment.lidl.ch/de/die-butter-0001635",
  "product_description": "Artikelnr.: 1635",
  "producthierarchy_level1": "Sortiment",
  "producthierarchy_level2": "Sortiment",
  "producthierarchy_level3": "Die Butter",
  "producthierarchy_level4": "",
  "producthierarchy_level5": "",
  "producthierarchy_level6": "",
  "producthierarchy_level7": "",
  "currency": "Swiss franc",
  "file_name_1": "1635_1.jpg",
  "image_url_1": "https://sortiment.lidl.ch/media/amasty/amoptmobile/catalog/product/cache/38c728e59b3a47950872534eff8a1e63/1/6/1635_PSXX_1.jpg"
},
{
  "_id": {
    "$oid": "66f3a7c3d23ade1eec55fde7"
  },
  "unique_id": "1015",
  "product_name": "Malvoisie AOC",
  "brand": "",
  "regular_price": 11.95,
  "selling_price": 11.95,
  "price_per_unit": "pro 0,75l | 1L = 15.94 CHF",
  "breadcrumb": "Sortiment > Sortiment > Malvoisie AOC",
  "pdp_url": "https://sortiment.lidl.ch/de/malvoisie-aoc-0001015",
  "product_description": "Artikelnr.: 1015",
  "producthierarchy_level1": "Sortiment",
  "producthierarchy_level2": "Sortiment",
  "producthierarchy_level3": "Malvoisie AOC",
  "producthierarchy_level4": "",
  "producthierarchy_level5": "",
  "producthierarchy_level6": "",
  "producthierarchy_level7": "",
  "currency": "Swiss franc",
  "file_name_1": "1015_1.jpg",
  "image_url_1": "https://sortiment.lidl.ch/media/catalog/product/cache/38c728e59b3a47950872534eff8a1e63/1/0/1015_PSWE.jpg"
},
{
  "_id": {
    "$oid": "66f3a7c4d23ade1eec55fde8"
  },
  "unique_id": "72859",
  "product_name": "Kaffeebohnen Espresso Cremoso",
  "brand": "Bellarom",
  "regular_price": 10.95,
  "selling_price": 10.95,
  "price_per_unit": "pro 1000g",
  "breadcrumb": "Sortiment > Sortiment > Kaffeebohnen Espresso Cremoso",
  "pdp_url": "https://sortiment.lidl.ch/de/kaffeebohnen-espresso-cremoso-0072859",
  "product_description": "Artikelnr.: 72859",
  "producthierarchy_level1": "Sortiment",
  "producthierarchy_level2": "Sortiment",
  "producthierarchy_level3": "Kaffeebohnen Espresso Cremoso",
  "producthierarchy_level4": "",
  "producthierarchy_level5": "",
  "producthierarchy_level6": "",
  "producthierarchy_level7": "",
  "currency": "Swiss franc",
  "file_name_1": "72859_1.jpg",
  "image_url_1": "https://sortiment.lidl.ch/media/catalog/product/cache/38c728e59b3a47950872534eff8a1e63/7/2/72859_Cremoso_Kolli_PSXX.jpg",
  "file_name_2": "72859_2.jpg",
  "image_url_2": "https://sortiment.lidl.ch/media/catalog/product/cache/38c728e59b3a47950872534eff8a1e63/7/2/72859_EP_PSXX.jpg"
},
{
  "_id": {
    "$oid": "66f3a7c5d23ade1eec55fde9"
  },
  "unique_id": "98985",
  "product_name": "Champagner C. de Senneval",
  "brand": "Comte de Senneval",
  "regular_price": 19.89,
  "selling_price": 19.89,
  "price_per_unit": "pro 0,75l | 1L = 26.52 CHF",
  "breadcrumb": "Sortiment > Sortiment > Champagner C. de Senneval",
  "pdp_url": "https://sortiment.lidl.ch/de/champagner-c-de-senneval-0098985",
  "product_description": "Artikelnr.: 98985",
  "producthierarchy_level1": "Sortiment",
  "producthierarchy_level2": "Sortiment",
  "producthierarchy_level3": "Champagner C. de Senneval",
  "producthierarchy_level4": "",
  "producthierarchy_level5": "",
  "producthierarchy_level6": "",
  "producthierarchy_level7": "",
  "currency": "Swiss franc",
  "file_name_1": "98985_1.jpg",
  "image_url_1": "https://sortiment.lidl.ch/media/catalog/product/cache/38c728e59b3a47950872534eff8a1e63/9/8/98985_PSWE.jpg"
},
{
  "_id": {
    "$oid": "66f3a7c7d23ade1eec55fdea"
  },
  "unique_id": "127982",
  "product_name": "Prosecco DOC",
  "brand": "Allini",
  "regular_price": 4.99,
  "selling_price": 4.99,
  "price_per_unit": "pro 0,375l | 1L = 13.31 CHF",
  "breadcrumb": "Sortiment > Sortiment > Prosecco DOC",
  "pdp_url": "https://sortiment.lidl.ch/de/prosecco-doc-0127982",
  "product_description": "Artikelnr.: 127982",
  "producthierarchy_level1": "Sortiment",
  "producthierarchy_level2": "Sortiment",
  "producthierarchy_level3": "Prosecco DOC",
  "producthierarchy_level4": "",
  "producthierarchy_level5": "",
  "producthierarchy_level6": "",
  "producthierarchy_level7": "",
  "currency": "Swiss franc",
  "file_name_1": "127982_1.jpg",
  "image_url_1": "https://sortiment.lidl.ch/media/catalog/product/cache/38c728e59b3a47950872534eff8a1e63/1/2/127982_PSWE.jpg"
},
{
  "_id": {
    "$oid": "66f3a7c8d23ade1eec55fdeb"
  },
  "unique_id": "48641",
  "product_name": "Prosecco Treviso DOC",
  "brand": "Allini",
  "regular_price": 4.95,
  "selling_price": 4.95,
  "price_per_unit": "pro 0,75l | 1L = 6.60 CHF",
  "breadcrumb": "Sortiment > Sortiment > Prosecco Treviso DOC",
  "pdp_url": "https://sortiment.lidl.ch/de/prosecco-treviso-doc-0048641",
  "product_description": "Artikelnr.: 48641",
  "producthierarchy_level1": "Sortiment",
  "producthierarchy_level2": "Sortiment",
  "producthierarchy_level3": "Prosecco Treviso DOC",
  "producthierarchy_level4": "",
  "producthierarchy_level5": "",
  "producthierarchy_level6": "",
  "producthierarchy_level7": "",
  "currency": "Swiss franc",
  "file_name_1": "48641_1.jpg",
  "image_url_1": "https://sortiment.lidl.ch/media/catalog/product/cache/38c728e59b3a47950872534eff8a1e63/4/8/48641_PSWE.jpg"
},
{
  "_id": {
    "$oid": "66f3a7c9d23ade1eec55fdec"
  },
  "unique_id": "28100",
  "product_name": "Moscato Spumante Dolce",
  "brand": "Allini",
  "regular_price": 3.95,
  "selling_price": 2.75,
  "price_per_unit": "pro 0,75l | 1L = 3.67 CHF",
  "breadcrumb": "Sortiment > Sortiment > Moscato Spumante Dolce",
  "pdp_url": "https://sortiment.lidl.ch/de/moscato-spumante-dolce-0028100",
  "product_description": "Artikelnr.: 28100",
  "producthierarchy_level1": "Sortiment",
  "producthierarchy_level2": "Sortiment",
  "producthierarchy_level3": "Moscato Spumante Dolce",
  "producthierarchy_level4": "",
  "producthierarchy_level5": "",
  "producthierarchy_level6": "",
  "producthierarchy_level7": "",
  "currency": "Swiss franc",
  "file_name_1": "28100_1.jpg",
  "image_url_1": "https://sortiment.lidl.ch/media/catalog/product/cache/38c728e59b3a47950872534eff8a1e63/2/8/28100_PSWE.jpg"
},
{
  "_id": {
    "$oid": "66f3a7cbd23ade1eec55fded"
  },
  "unique_id": "2870",
  "product_name": "Rimuss Party Alkoholfrei",
  "brand": "",
  "regular_price": 4.89,
  "selling_price": 4.89,
  "price_per_unit": "pro 0,7l | 1L = 6.99 CHF",
  "breadcrumb": "Sortiment > Sortiment > Rimuss Party Alkoholfrei",
  "pdp_url": "https://sortiment.lidl.ch/de/rimuss-party-alkoholfrei-0002870",
  "product_description": "Artikelnr.: 2870",
  "producthierarchy_level1": "Sortiment",
  "producthierarchy_level2": "Sortiment",
  "producthierarchy_level3": "Rimuss Party Alkoholfrei",
  "producthierarchy_level4": "",
  "producthierarchy_level5": "",
  "producthierarchy_level6": "",
  "producthierarchy_level7": "",
  "currency": "Swiss franc",
  "file_name_1": "2870_1.jpg",
  "image_url_1": "https://sortiment.lidl.ch/media/catalog/product/cache/38c728e59b3a47950872534eff8a1e63/2/8/2870_PSXX_1.jpg"
},
{
  "_id": {
    "$oid": "66f3a7ccd23ade1eec55fdee"
  },
  "unique_id": "1890",
  "product_name": "Molière Litchi",
  "brand": "",
  "regular_price": 3.89,
  "selling_price": 3.89,
  "price_per_unit": "pro 0,75l | 1L = 5.19 CHF",
  "breadcrumb": "Sortiment > Sortiment > Molière Litchi",
  "pdp_url": "https://sortiment.lidl.ch/de/moliere-litchi-0001890",
  "product_description": "Artikelnr.: 1890",
  "producthierarchy_level1": "Sortiment",
  "producthierarchy_level2": "Sortiment",
  "producthierarchy_level3": "Molière Litchi",
  "producthierarchy_level4": "",
  "producthierarchy_level5": "",
  "producthierarchy_level6": "",
  "producthierarchy_level7": "",
  "currency": "Swiss franc",
  "file_name_1": "1890_1.jpg",
  "image_url_1": "https://sortiment.lidl.ch/media/catalog/product/cache/38c728e59b3a47950872534eff8a1e63/1/8/1890_PSWE.jpg"
},
{
  "_id": {
    "$oid": "66f3a7ced23ade1eec55fdef"
  },
  "unique_id": "19133",
  "product_name": "Käsescheiben assortiert",
  "brand": "Milbona",
  "regular_price": 2.79,
  "selling_price": 2.79,
  "price_per_unit": "pro 250g | 100g = 1.12 CHF",
  "breadcrumb": "Sortiment > Sortiment > Käsescheiben assortiert",
  "pdp_url": "https://sortiment.lidl.ch/de/kaesescheiben-assortiert-0019133",
  "product_description": "Artikelnr.: 19133",
  "producthierarchy_level1": "Sortiment",
  "producthierarchy_level2": "Sortiment",
  "producthierarchy_level3": "Käsescheiben assortiert",
  "producthierarchy_level4": "",
  "producthierarchy_level5": "",
  "producthierarchy_level6": "",
  "producthierarchy_level7": "",
  "currency": "Swiss franc",
  "file_name_1": "19133_1.jpg",
  "image_url_1": "https://sortiment.lidl.ch/media/catalog/product/cache/38c728e59b3a47950872534eff8a1e63/1/9/19133_PSXX.jpg"
},
{
  "_id": {
    "$oid": "66f3a7cfd23ade1eec55fdf0"
  },
  "unique_id": "119131",
  "product_name": "Hummus",
  "brand": "Chef Select",
  "regular_price": 1.95,
  "selling_price": 1.95,
  "price_per_unit": "pro 200g | 100g = 0.98 CHF",
  "breadcrumb": "Sortiment > Sortiment > Hummus",
  "pdp_url": "https://sortiment.lidl.ch/de/hummus-0119131",
  "product_description": "Artikelnr.: 119131",
  "producthierarchy_level1": "Sortiment",
  "producthierarchy_level2": "Sortiment",
  "producthierarchy_level3": "Hummus",
  "producthierarchy_level4": "",
  "producthierarchy_level5": "",
  "producthierarchy_level6": "",
  "producthierarchy_level7": "",
  "currency": "Swiss franc",
  "file_name_1": "119131_1.jpg",
  "image_url_1": "https://sortiment.lidl.ch/media/catalog/product/cache/38c728e59b3a47950872534eff8a1e63/1/1/119131_Pikant_PSXX.jpg",
  "file_name_2": "119131_2.jpg",
  "image_url_2": "https://sortiment.lidl.ch/media/catalog/product/cache/38c728e59b3a47950872534eff8a1e63/1/1/119131_classic_PSXX.jpg"
},
{
  "_id": {
    "$oid": "66f3a7d0d23ade1eec55fdf1"
  },
  "unique_id": "1628",
  "product_name": "Mehrkornbrot",
  "brand": "",
  "regular_price": 2.99,
  "selling_price": 2.99,
  "price_per_unit": "pro 400g | 100g = 0.75 CHF",
  "breadcrumb": "Sortiment > Sortiment > Mehrkornbrot",
  "pdp_url": "https://sortiment.lidl.ch/de/mehrkornbrot-0001628",
  "product_description": "Artikelnr.: 1628 Mehrkornbrot. Zutaten: 47% Weizenmehl , Wasser, 4,5% Haferflocken , 4% Getreidekörner ( Weizen, Roggen, Dinkel, Gerste ), 3% Sonnenblumenkerne, 3% Roggenmehl, 3% Leinsaat, Backhefe, 2% Sesam , Rapsöl, Weizenkleber, Sojagrütze, Weizenfasern gemahlen, Dinkelmehl , 0.5% Hirse, Speisesalz, Konservierungsstoff: Calciumacetat, Dextrose, Gerstenmalzmehl, Roggenschrot , Emulgatoren: Mono- und Diglyceride von Speisefettsäuren, Mono- und Diacetylweinsäureester von Mono- und Diglyceriden von Speisefettsäuren, Mehlbehandlungsmittel: Ascorbinsäure, 0.2% Mohn, Zucker, Weizenstärke, Roggenmalzmehl geröstet, Weizenvollkornquellmehl, Gerstenmalz geröstet, Weizenröstmalz , Säuerungsmittel: Milchsäure, Karamel, Acerolafruchtpulver (auf Trägerstoff Maltodextrin). Kann Spuren von Ei, Erdnüsse, Milch, Schalenfrüchte (Nüsse), Sellerie, Senf und Sulfiten enthalten . Hergestellt in der Schweiz.",
  "producthierarchy_level1": "Sortiment",
  "producthierarchy_level2": "Sortiment",
  "producthierarchy_level3": "Mehrkornbrot",
  "producthierarchy_level4": "",
  "producthierarchy_level5": "",
  "producthierarchy_level6": "",
  "producthierarchy_level7": "",
  "currency": "Swiss franc",
  "file_name_1": "1628_1.jpg",
  "image_url_1": "https://sortiment.lidl.ch/media/catalog/product/cache/38c728e59b3a47950872534eff8a1e63/1/6/1628_FKBF.jpg"
},
{
  "_id": {
    "$oid": "66f3a7d1d23ade1eec55fdf2"
  },
  "unique_id": "2032",
  "product_name": "Schweizer Mineralwasser",
  "brand": "Saguaro",
  "regular_price": 0.65,
  "selling_price": 0.65,
  "price_per_unit": "pro 1,5l | 1L = 0.44 CHF",
  "breadcrumb": "Sortiment > Sortiment > Schweizer Mineralwasser",
  "pdp_url": "https://sortiment.lidl.ch/de/schweizer-mineralwasser-0002032",
  "product_description": "Artikelnr.: 2032",
  "producthierarchy_level1": "Sortiment",
  "producthierarchy_level2": "Sortiment",
  "producthierarchy_level3": "Schweizer Mineralwasser",
  "producthierarchy_level4": "",
  "producthierarchy_level5": "",
  "producthierarchy_level6": "",
  "producthierarchy_level7": "",
  "currency": "Swiss franc",
  "file_name_1": "2032_1.jpg",
  "image_url_1": "https://sortiment.lidl.ch/media/catalog/product/cache/38c728e59b3a47950872534eff8a1e63/2/0/2032_PSPX.jpg",
  "file_name_2": "2032_2.jpg",
  "image_url_2": "https://sortiment.lidl.ch/media/catalog/product/cache/38c728e59b3a47950872534eff8a1e63/2/0/2032_PSXX.jpg"
},
{
  "_id": {
    "$oid": "66f3a7d3d23ade1eec55fdf3"
  },
  "unique_id": "38685",
  "product_name": "Knusper Kartoffeltaschen",
  "brand": "Harvest Basket",
  "regular_price": 4.99,
  "selling_price": 4.99,
  "price_per_unit": "pro 600g | 100g = 0.84 CHF",
  "breadcrumb": "Sortiment > Sortiment > Knusper Kartoffeltaschen",
  "pdp_url": "https://sortiment.lidl.ch/de/knusper-kartoffeltaschen-0038685",
  "product_description": "Artikelnr.: 38685",
  "producthierarchy_level1": "Sortiment",
  "producthierarchy_level2": "Sortiment",
  "producthierarchy_level3": "Knusper Kartoffeltaschen",
  "producthierarchy_level4": "",
  "producthierarchy_level5": "",
  "producthierarchy_level6": "",
  "producthierarchy_level7": "",
  "currency": "Swiss franc",
  "file_name_1": "38685_1.jpg",
  "image_url_1": "https://sortiment.lidl.ch/media/catalog/product/cache/38c728e59b3a47950872534eff8a1e63/3/8/38685_Frischkaese_PSXX.jpg",
  "file_name_2": "38685_2.jpg",
  "image_url_2": "https://sortiment.lidl.ch/media/catalog/product/cache/38c728e59b3a47950872534eff8a1e63/3/8/38685_Spinat_PSXX.jpg"
},
{
  "_id": {
    "$oid": "66f3a7d4d23ade1eec55fdf4"
  },
  "unique_id": "38893",
  "product_name": "Edamer Scheiben",
  "brand": "Milbona",
  "regular_price": 4.39,
  "selling_price": 4.39,
  "price_per_unit": "pro 400g | 100g = 1.10 CHF",
  "breadcrumb": "Sortiment > Sortiment > Edamer Scheiben",
  "pdp_url": "https://sortiment.lidl.ch/de/edamer-scheiben-0038893",
  "product_description": "Artikelnr.: 38893",
  "producthierarchy_level1": "Sortiment",
  "producthierarchy_level2": "Sortiment",
  "producthierarchy_level3": "Edamer Scheiben",
  "producthierarchy_level4": "",
  "producthierarchy_level5": "",
  "producthierarchy_level6": "",
  "producthierarchy_level7": "",
  "currency": "Swiss franc",
  "file_name_1": "38893_1.jpg",
  "image_url_1": "https://sortiment.lidl.ch/media/catalog/product/cache/38c728e59b3a47950872534eff8a1e63/3/8/38893_PSXX.jpg"
},
{
  "_id": {
    "$oid": "66f3a7d5d23ade1eec55fdf5"
  },
  "unique_id": "1564",
  "product_name": "Schweizer Rapsöl",
  "brand": "Vita D'or",
  "regular_price": 4.95,
  "selling_price": 4.95,
  "price_per_unit": "pro 1l",
  "breadcrumb": "Sortiment > Sortiment > Schweizer Rapsöl",
  "pdp_url": "https://sortiment.lidl.ch/de/schweizer-rapsoel-0001564",
  "product_description": "Artikelnr.: 1564",
  "producthierarchy_level1": "Sortiment",
  "producthierarchy_level2": "Sortiment",
  "producthierarchy_level3": "Schweizer Rapsöl",
  "producthierarchy_level4": "",
  "producthierarchy_level5": "",
  "producthierarchy_level6": "",
  "producthierarchy_level7": "",
  "currency": "Swiss franc",
  "file_name_1": "1564_1.jpg",
  "image_url_1": "https://sortiment.lidl.ch/media/catalog/product/cache/38c728e59b3a47950872534eff8a1e63/1/5/1564_PSXX.jpg"
},
{
  "_id": {
    "$oid": "66f3a7d6d23ade1eec55fdf6"
  },
  "unique_id": "1086",
  "product_name": "Findus MSC Fischstäbchen",
  "brand": "Findus",
  "regular_price": 5.65,
  "selling_price": 5.65,
  "price_per_unit": "pro 450g | 100g = 1.26 CHF",
  "breadcrumb": "Sortiment > Sortiment > Findus MSC Fischstäbchen",
  "pdp_url": "https://sortiment.lidl.ch/de/findus-msc-fischstaebchen-0001086",
  "product_description": "Artikelnr.: 1086",
  "producthierarchy_level1": "Sortiment",
  "producthierarchy_level2": "Sortiment",
  "producthierarchy_level3": "Findus MSC Fischstäbchen",
  "producthierarchy_level4": "",
  "producthierarchy_level5": "",
  "producthierarchy_level6": "",
  "producthierarchy_level7": "",
  "currency": "Swiss franc",
  "file_name_1": "1086_1.jpg",
  "image_url_1": "https://sortiment.lidl.ch/media/catalog/product/cache/38c728e59b3a47950872534eff8a1e63/1/0/1086_PSXX.jpg"
},
{
  "_id": {
    "$oid": "66f3a7d7d23ade1eec55fdf7"
  },
  "unique_id": "5107880",
  "product_name": "Trockenfleisch vom Rind",
  "brand": "Dulano Selection",
  "regular_price": 5.69,
  "selling_price": 5.69,
  "price_per_unit": "pro 100g",
  "breadcrumb": "Sortiment > Sortiment > Trockenfleisch vom Rind",
  "pdp_url": "https://sortiment.lidl.ch/de/trockenfleisch-vom-rind-5107880",
  "product_description": "Artikelnr.: 5107880",
  "producthierarchy_level1": "Sortiment",
  "producthierarchy_level2": "Sortiment",
  "producthierarchy_level3": "Trockenfleisch vom Rind",
  "producthierarchy_level4": "",
  "producthierarchy_level5": "",
  "producthierarchy_level6": "",
  "producthierarchy_level7": "",
  "currency": "Swiss franc",
  "file_name_1": "5107880_1.jpg",
  "image_url_1": "https://sortiment.lidl.ch/media/catalog/product/cache/38c728e59b3a47950872534eff8a1e63/5/1/5107880_FKBF.jpg",
  "file_name_2": "5107880_2.jpg",
  "image_url_2": "https://sortiment.lidl.ch/media/catalog/product/cache/38c728e59b3a47950872534eff8a1e63/5/1/5107880_PSXX.jpg"
},
{
  "_id": {
    "$oid": "66f3a7d8d23ade1eec55fdf8"
  },
  "unique_id": "1006",
  "product_name": "Petite Arvine AOC",
  "brand": "",
  "regular_price": 11.95,
  "selling_price": 11.95,
  "price_per_unit": "pro 0,75l | 1L = 15.94 CHF",
  "breadcrumb": "Sortiment > Sortiment > Petite Arvine AOC",
  "pdp_url": "https://sortiment.lidl.ch/de/petite-arvine-aoc-0001006",
  "product_description": "Artikelnr.: 1006",
  "producthierarchy_level1": "Sortiment",
  "producthierarchy_level2": "Sortiment",
  "producthierarchy_level3": "Petite Arvine AOC",
  "producthierarchy_level4": "",
  "producthierarchy_level5": "",
  "producthierarchy_level6": "",
  "producthierarchy_level7": "",
  "currency": "Swiss franc",
  "file_name_1": "1006_1.jpg",
  "image_url_1": "https://sortiment.lidl.ch/media/catalog/product/cache/38c728e59b3a47950872534eff8a1e63/1/0/1006_PSWE.jpg"
},
{
  "_id": {
    "$oid": "66f3a7d9d23ade1eec55fdf9"
  },
  "unique_id": "1018",
  "product_name": "Oeil de Perdrix du Valais AOC",
  "brand": "",
  "regular_price": 8.95,
  "selling_price": 8.95,
  "price_per_unit": "pro 0,75l | 1L = 11.94 CHF",
  "breadcrumb": "Sortiment > Sortiment > Oeil de Perdrix du Valais AOC",
  "pdp_url": "https://sortiment.lidl.ch/de/oeil-de-perdrix-du-valais-aoc-0001018",
  "product_description": "Artikelnr.: 1018",
  "producthierarchy_level1": "Sortiment",
  "producthierarchy_level2": "Sortiment",
  "producthierarchy_level3": "Oeil de Perdrix du Valais AOC",
  "producthierarchy_level4": "",
  "producthierarchy_level5": "",
  "producthierarchy_level6": "",
  "producthierarchy_level7": "",
  "currency": "Swiss franc",
  "file_name_1": "1018_1.jpg",
  "image_url_1": "https://sortiment.lidl.ch/media/amasty/amoptmobile/catalog/product/cache/38c728e59b3a47950872534eff8a1e63/1/0/1018_PSWE.jpg"
},
{
  "_id": {
    "$oid": "66f3a7dad23ade1eec55fdfa"
  },
  "unique_id": "1003",
  "product_name": "Fendant du Valais AOC",
  "brand": "",
  "regular_price": 6.95,
  "selling_price": 6.95,
  "price_per_unit": "pro 0,75l | 1L = 9.27 CHF",
  "breadcrumb": "Sortiment > Sortiment > Fendant du Valais AOC",
  "pdp_url": "https://sortiment.lidl.ch/de/fendant-du-valais-aoc-0001003",
  "product_description": "Artikelnr.: 1003",
  "producthierarchy_level1": "Sortiment",
  "producthierarchy_level2": "Sortiment",
  "producthierarchy_level3": "Fendant du Valais AOC",
  "producthierarchy_level4": "",
  "producthierarchy_level5": "",
  "producthierarchy_level6": "",
  "producthierarchy_level7": "",
  "currency": "Swiss franc",
  "file_name_1": "1003_1.jpg",
  "image_url_1": "https://sortiment.lidl.ch/media/catalog/product/cache/38c728e59b3a47950872534eff8a1e63/1/0/1003_PSWE.jpg"
},
{
  "_id": {
    "$oid": "66f3a7dcd23ade1eec55fdfb"
  },
  "unique_id": "120906",
  "product_name": "Barbera d'Asti Superiore DOCG",
  "brand": "",
  "regular_price": 4.95,
  "selling_price": 4.95,
  "price_per_unit": "pro 0,75l | 1L = 6.60 CHF",
  "breadcrumb": "Sortiment > Sortiment > Barbera d'Asti Superiore DOCG",
  "pdp_url": "https://sortiment.lidl.ch/de/barbera-d-asti-superiore-docg-0120906",
  "product_description": "Artikelnr.: 120906",
  "producthierarchy_level1": "Sortiment",
  "producthierarchy_level2": "Sortiment",
  "producthierarchy_level3": "Barbera d'Asti Superiore DOCG",
  "producthierarchy_level4": "",
  "producthierarchy_level5": "",
  "producthierarchy_level6": "",
  "producthierarchy_level7": "",
  "currency": "Swiss franc",
  "file_name_1": "120906_1.jpg",
  "image_url_1": "https://sortiment.lidl.ch/media/catalog/product/cache/38c728e59b3a47950872534eff8a1e63/1/2/120906_PSWE.jpg"
},
{
  "_id": {
    "$oid": "66f3a7ded23ade1eec55fdfc"
  },
  "unique_id": "26704",
  "product_name": "Baumnüsse",
  "brand": "Alesto Selection",
  "regular_price": 2.95,
  "selling_price": 2.95,
  "price_per_unit": "pro 200g | 100g = 1.48 CHF",
  "breadcrumb": "Sortiment > Sortiment > Baumnüsse",
  "pdp_url": "https://sortiment.lidl.ch/de/baumnuesse-0026704",
  "product_description": "Artikelnr.: 26704",
  "producthierarchy_level1": "Sortiment",
  "producthierarchy_level2": "Sortiment",
  "producthierarchy_level3": "Baumnüsse",
  "producthierarchy_level4": "",
  "producthierarchy_level5": "",
  "producthierarchy_level6": "",
  "producthierarchy_level7": "",
  "currency": "Swiss franc",
  "file_name_1": "26704_1.jpg",
  "image_url_1": "https://sortiment.lidl.ch/media/catalog/product/cache/38c728e59b3a47950872534eff8a1e63/2/6/26704_PSXX.jpg"
},
{
  "_id": {
    "$oid": "66f3a7dfd23ade1eec55fdfd"
  },
  "unique_id": "80616",
  "product_name": "Avocado ready to eat",
  "brand": "Rainforest Alliance",
  "regular_price": 1.25,
  "selling_price": 1.25,
  "price_per_unit": "pro Stück",
  "breadcrumb": "Sortiment > Sortiment > Avocado ready to eat",
  "pdp_url": "https://sortiment.lidl.ch/de/avocado-ready-to-eat-0080616",
  "product_description": "Artikelnr.: 80616",
  "producthierarchy_level1": "Sortiment",
  "producthierarchy_level2": "Sortiment",
  "producthierarchy_level3": "Avocado ready to eat",
  "producthierarchy_level4": "",
  "producthierarchy_level5": "",
  "producthierarchy_level6": "",
  "producthierarchy_level7": "",
  "currency": "Swiss franc",
  "file_name_1": "80616_1.jpg",
  "image_url_1": "https://sortiment.lidl.ch/media/catalog/product/cache/38c728e59b3a47950872534eff8a1e63/8/0/80616_OGFG.jpg"
},
{
  "_id": {
    "$oid": "66f3a7e0d23ade1eec55fdfe"
  },
  "unique_id": "82835",
  "product_name": "Kürbis Butternuss",
  "brand": "",
  "regular_price": 2.99,
  "selling_price": 2.99,
  "price_per_unit": "pro 1kg",
  "breadcrumb": "Sortiment > Sortiment > Kürbis Butternuss",
  "pdp_url": "https://sortiment.lidl.ch/de/kuerbis-butternuss-0082835",
  "product_description": "Artikelnr.: 82835",
  "producthierarchy_level1": "Sortiment",
  "producthierarchy_level2": "Sortiment",
  "producthierarchy_level3": "Kürbis Butternuss",
  "producthierarchy_level4": "",
  "producthierarchy_level5": "",
  "producthierarchy_level6": "",
  "producthierarchy_level7": "",
  "currency": "Swiss franc",
  "file_name_1": "82835_1.jpg",
  "image_url_1": "https://sortiment.lidl.ch/media/catalog/product/cache/38c728e59b3a47950872534eff8a1e63/8/2/82835_OGFG.jpg"
},
{
  "_id": {
    "$oid": "66f3a7e1d23ade1eec55fdff"
  },
  "unique_id": "5107085",
  "product_name": "Bio Steinofenbaguette",
  "brand": "",
  "regular_price": 2.99,
  "selling_price": 2.99,
  "price_per_unit": "pro 360g | 100g = 0.84 CHF",
  "breadcrumb": "Sortiment > Sortiment > Bio Steinofenbaguette",
  "pdp_url": "https://sortiment.lidl.ch/de/bio-steinofenbaguette-5107085",
  "product_description": "Artikelnr.: 5107085 Bio Steinofen Baguette Zutaten: 55% Halbweissmehl ( Weizen )*,Wasser, Vorteig (Wasser, Halbweissmehl ( Weizen )*), Backhilfsmittel (Malzmehl ( Gerste )*, Weizenquellmehl *, Acerolapulver*(auf Maniokstärke*)), Speisesalz, Hefe*, Roggenmehl* , Maismehl*.  * aus biologischer Landwirtschaft. Kann Spuren von Ei, Erdnüsse, Soja, Milch, Schalenfrüchte (Nüsse), Sellerie, Senf, Sesam und Sulfiten enthalten. Hergstellt in der Schweiz. CH-Bio-006.",
  "producthierarchy_level1": "Sortiment",
  "producthierarchy_level2": "Sortiment",
  "producthierarchy_level3": "Bio Steinofenbaguette",
  "producthierarchy_level4": "",
  "producthierarchy_level5": "",
  "producthierarchy_level6": "",
  "producthierarchy_level7": "",
  "currency": "Swiss franc",
  "file_name_1": "5107085_1.jpg",
  "image_url_1": "https://sortiment.lidl.ch/media/catalog/product/cache/38c728e59b3a47950872534eff8a1e63/5/1/5107085_FKBF.jpg"
},
{
  "_id": {
    "$oid": "66f3a7e2d23ade1eec55fe00"
  },
  "unique_id": "5103678",
  "product_name": "Kopfsalat",
  "brand": "Chef Select",
  "regular_price": 1.99,
  "selling_price": 1.99,
  "price_per_unit": "pro 200g | 100g = 1.00 CHF",
  "breadcrumb": "Sortiment > Sortiment > Kopfsalat",
  "pdp_url": "https://sortiment.lidl.ch/de/kopfsalat-5103678",
  "product_description": "Artikelnr.: 5103678",
  "producthierarchy_level1": "Sortiment",
  "producthierarchy_level2": "Sortiment",
  "producthierarchy_level3": "Kopfsalat",
  "producthierarchy_level4": "",
  "producthierarchy_level5": "",
  "producthierarchy_level6": "",
  "producthierarchy_level7": "",
  "currency": "Swiss franc",
  "file_name_1": "5103678_1.jpg",
  "image_url_1": "https://sortiment.lidl.ch/media/catalog/product/cache/38c728e59b3a47950872534eff8a1e63/5/1/5103678_02_PSXX.jpg",
  "file_name_2": "5103678_2.jpg",
  "image_url_2": "https://sortiment.lidl.ch/media/catalog/product/cache/38c728e59b3a47950872534eff8a1e63/5/1/5103678_PSXX.jpg"
},
{
  "_id": {
    "$oid": "66f3a7e3d23ade1eec55fe01"
  },
  "unique_id": "97556",
  "product_name": "Laugenknopf",
  "brand": "",
  "regular_price": 0.89,
  "selling_price": 0.89,
  "price_per_unit": "pro 100g",
  "breadcrumb": "Sortiment > Sortiment > Laugenknopf",
  "pdp_url": "https://sortiment.lidl.ch/de/laugenknopf-0097556",
  "product_description": "Artikelnr.: 97556 Laugenknoten Zutaten: Weizenmehl, Wasser, Rapsöl, Hefe, Weizenmalzmehl , Speisesalz, Verdickungsmittel: Guarkernmehl, Emulgator: Mono- und Diacetylweinsäureester von Mono- und Diglyceriden von Speisefettsäuren, Säureregulator: Natriumhydroxid. Kann Spuren von Ei, Erdnüsse, Soja, Milch, Schalenfrüchte (Nüsse), Sellerie, Senf, Sesam und Sulfiten enthalten. Hergestellt in Deutschland.",
  "producthierarchy_level1": "Sortiment",
  "producthierarchy_level2": "Sortiment",
  "producthierarchy_level3": "Laugenknopf",
  "producthierarchy_level4": "",
  "producthierarchy_level5": "",
  "producthierarchy_level6": "",
  "producthierarchy_level7": "",
  "currency": "Swiss franc",
  "file_name_1": "97556_1.jpg",
  "image_url_1": "https://sortiment.lidl.ch/media/catalog/product/cache/38c728e59b3a47950872534eff8a1e63/9/7/97556_FKBF.jpg"
},
{
  "_id": {
    "$oid": "66f3a7e4d23ade1eec55fe02"
  },
  "unique_id": "5104677",
  "product_name": "Pouletbrust Médaillons",
  "brand": "Bonvalle",
  "regular_price": 5.39,
  "selling_price": 5.39,
  "price_per_unit": "pro 270g | 100g = 2.00 CHF",
  "breadcrumb": "Sortiment > Sortiment > Pouletbrust Médaillons",
  "pdp_url": "https://sortiment.lidl.ch/de/pouletbrust-medaillons-5104677",
  "product_description": "Artikelnr.: 5104677",
  "producthierarchy_level1": "Sortiment",
  "producthierarchy_level2": "Sortiment",
  "producthierarchy_level3": "Pouletbrust Médaillons",
  "producthierarchy_level4": "",
  "producthierarchy_level5": "",
  "producthierarchy_level6": "",
  "producthierarchy_level7": "",
  "currency": "Swiss franc",
  "file_name_1": "5104677_1.jpg",
  "image_url_1": "https://sortiment.lidl.ch/media/catalog/product/cache/38c728e59b3a47950872534eff8a1e63/5/1/5104677_FKBF.jpg",
  "file_name_2": "5104677_2.jpg",
  "image_url_2": "https://sortiment.lidl.ch/media/catalog/product/cache/38c728e59b3a47950872534eff8a1e63/5/1/5104677_PSXX.jpg"
},
{
  "_id": {
    "$oid": "66f3a7e5d23ade1eec55fe03"
  },
  "unique_id": "131598",
  "product_name": "Grana Padano DOP",
  "brand": "Milbona",
  "regular_price": 2.39,
  "selling_price": 2.39,
  "price_per_unit": "pro 100g",
  "breadcrumb": "Sortiment > Sortiment > Grana Padano DOP",
  "pdp_url": "https://sortiment.lidl.ch/de/grana-padano-dop-0131598",
  "product_description": "Artikelnr.: 131598",
  "producthierarchy_level1": "Sortiment",
  "producthierarchy_level2": "Sortiment",
  "producthierarchy_level3": "Grana Padano DOP",
  "producthierarchy_level4": "",
  "producthierarchy_level5": "",
  "producthierarchy_level6": "",
  "producthierarchy_level7": "",
  "currency": "Swiss franc",
  "file_name_1": "131598_1.jpg",
  "image_url_1": "https://sortiment.lidl.ch/media/catalog/product/cache/38c728e59b3a47950872534eff8a1e63/1/3/131598_PSXX.jpg"
},
{
  "_id": {
    "$oid": "66f3a7e7d23ade1eec55fe04"
  },
  "unique_id": "11032",
  "product_name": "Schwarzwälder Schinken IGP",
  "brand": "Dulano Selection",
  "regular_price": 5.49,
  "selling_price": 5.49,
  "price_per_unit": "pro 200g | 100g = 2.75 CHF",
  "breadcrumb": "Sortiment > Sortiment > Schwarzwälder Schinken IGP",
  "pdp_url": "https://sortiment.lidl.ch/de/schwarzwaelder-schinken-igp-0011032",
  "product_description": "Artikelnr.: 11032",
  "producthierarchy_level1": "Sortiment",
  "producthierarchy_level2": "Sortiment",
  "producthierarchy_level3": "Schwarzwälder Schinken IGP",
  "producthierarchy_level4": "",
  "producthierarchy_level5": "",
  "producthierarchy_level6": "",
  "producthierarchy_level7": "",
  "currency": "Swiss franc",
  "file_name_1": "11032_1.jpg",
  "image_url_1": "https://sortiment.lidl.ch/media/catalog/product/cache/38c728e59b3a47950872534eff8a1e63/1/1/11032_FKBF.jpg"
},
{
  "_id": {
    "$oid": "66f3a7e8d23ade1eec55fe05"
  },
  "unique_id": "12052",
  "product_name": "Knoblauch",
  "brand": "Kania",
  "regular_price": 0.65,
  "selling_price": 0.65,
  "price_per_unit": "pro 70g | 100g = 0.93 CHF",
  "breadcrumb": "Sortiment > Sortiment > Knoblauch",
  "pdp_url": "https://sortiment.lidl.ch/de/knoblauch-0012052",
  "product_description": "Artikelnr.: 12052",
  "producthierarchy_level1": "Sortiment",
  "producthierarchy_level2": "Sortiment",
  "producthierarchy_level3": "Knoblauch",
  "producthierarchy_level4": "",
  "producthierarchy_level5": "",
  "producthierarchy_level6": "",
  "producthierarchy_level7": "",
  "currency": "Swiss franc",
  "file_name_1": "12052_1.jpg",
  "image_url_1": "https://sortiment.lidl.ch/media/catalog/product/cache/38c728e59b3a47950872534eff8a1e63/1/2/12052_PSXX.jpg"
},
{
  "_id": {
    "$oid": "66f3a7e9d23ade1eec55fe06"
  },
  "unique_id": "135864",
  "product_name": "Keramikmühle",
  "brand": "Kania",
  "regular_price": 1.59,
  "selling_price": 1.59,
  "price_per_unit": "pro 110g, 40g, 50g | 100g = 3.98, 3.18, 1.45 CHF",
  "breadcrumb": "Sortiment > Sortiment > Keramikmühle",
  "pdp_url": "https://sortiment.lidl.ch/de/keramikmuehle-0135864",
  "product_description": "Artikelnr.: 135864",
  "producthierarchy_level1": "Sortiment",
  "producthierarchy_level2": "Sortiment",
  "producthierarchy_level3": "Keramikmühle",
  "producthierarchy_level4": "",
  "producthierarchy_level5": "",
  "producthierarchy_level6": "",
  "producthierarchy_level7": "",
  "currency": "Swiss franc",
  "file_name_1": "135864_1.jpg",
  "image_url_1": "https://sortiment.lidl.ch/media/catalog/product/cache/38c728e59b3a47950872534eff8a1e63/1/3/135864_Chiliflocken_PSXX.jpg",
  "file_name_2": "135864_2.jpg",
  "image_url_2": "https://sortiment.lidl.ch/media/catalog/product/cache/38c728e59b3a47950872534eff8a1e63/1/3/135864_bunt_PSXX.jpg",
  "file_name_3": "135864_3.jpg",
  "image_url_3": "https://sortiment.lidl.ch/media/catalog/product/cache/38c728e59b3a47950872534eff8a1e63/1/3/135864_schwarz_PSXX.jpg"
},
{
  "_id": {
    "$oid": "66f3a7ead23ade1eec55fe07"
  },
  "unique_id": "133847",
  "product_name": "Gewürz für Poulet",
  "brand": "Kania",
  "regular_price": 0.99,
  "selling_price": 0.99,
  "price_per_unit": "pro 70g | 100g = 1.42 CHF",
  "breadcrumb": "Sortiment > Sortiment > Gewürz für Poulet",
  "pdp_url": "https://sortiment.lidl.ch/de/gewuerz-fuer-poulet-0133847",
  "product_description": "Artikelnr.: 133847",
  "producthierarchy_level1": "Sortiment",
  "producthierarchy_level2": "Sortiment",
  "producthierarchy_level3": "Gewürz für Poulet",
  "producthierarchy_level4": "",
  "producthierarchy_level5": "",
  "producthierarchy_level6": "",
  "producthierarchy_level7": "",
  "currency": "Swiss franc",
  "file_name_1": "133847_1.jpg",
  "image_url_1": "https://sortiment.lidl.ch/media/catalog/product/cache/38c728e59b3a47950872534eff8a1e63/1/3/133847_Fleisch_PSXX.jpg",
  "file_name_2": "133847_2.jpg",
  "image_url_2": "https://sortiment.lidl.ch/media/catalog/product/cache/38c728e59b3a47950872534eff8a1e63/1/3/133847_PSXX.jpg"
},
{
  "_id": {
    "$oid": "66f3a7ebd23ade1eec55fe08"
  },
  "unique_id": "70752",
  "product_name": "Kräuter der Provence",
  "brand": "Kania",
  "regular_price": 0.69,
  "selling_price": 0.69,
  "price_per_unit": "pro 20g | 100g = 3.45 CHF",
  "breadcrumb": "Sortiment > Sortiment > Kräuter der Provence",
  "pdp_url": "https://sortiment.lidl.ch/de/kraeuter-der-provence-0070752",
  "product_description": "Artikelnr.: 70752",
  "producthierarchy_level1": "Sortiment",
  "producthierarchy_level2": "Sortiment",
  "producthierarchy_level3": "Kräuter der Provence",
  "producthierarchy_level4": "",
  "producthierarchy_level5": "",
  "producthierarchy_level6": "",
  "producthierarchy_level7": "",
  "currency": "Swiss franc",
  "file_name_1": "70752_1.jpg",
  "image_url_1": "https://sortiment.lidl.ch/media/catalog/product/cache/38c728e59b3a47950872534eff8a1e63/7/0/70752_Majoran_PSXX.jpg",
  "file_name_2": "70752_2.jpg",
  "image_url_2": "https://sortiment.lidl.ch/media/catalog/product/cache/38c728e59b3a47950872534eff8a1e63/7/0/70752_PSXX.jpg",
  "file_name_3": "70752_3.jpg",
  "image_url_3": "https://sortiment.lidl.ch/media/catalog/product/cache/38c728e59b3a47950872534eff8a1e63/7/0/70752_Rosmarin_PSXX.jpg"
},
{
  "_id": {
    "$oid": "66f3a7ecd23ade1eec55fe09"
  },
  "unique_id": "68074",
  "product_name": "Kräuter gefriergetrocknet",
  "brand": "Kania",
  "regular_price": 1.99,
  "selling_price": 1.99,
  "price_per_unit": "pro 12,5g, 15g, 16g, 25g | 100g = 16.59 bis 7.96",
  "breadcrumb": "Sortiment > Sortiment > Kräuter gefriergetrocknet",
  "pdp_url": "https://sortiment.lidl.ch/de/kraeuter-gefriergetrocknet-0068074",
  "product_description": "Artikelnr.: 68074",
  "producthierarchy_level1": "Sortiment",
  "producthierarchy_level2": "Sortiment",
  "producthierarchy_level3": "Kräuter gefriergetrocknet",
  "producthierarchy_level4": "",
  "producthierarchy_level5": "",
  "producthierarchy_level6": "",
  "producthierarchy_level7": "",
  "currency": "Swiss franc",
  "file_name_1": "68074_1.jpg",
  "image_url_1": "https://sortiment.lidl.ch/media/catalog/product/cache/38c728e59b3a47950872534eff8a1e63/6/8/68074_Petersilie_PSXX_1.jpg",
  "file_name_2": "68074_2.jpg",
  "image_url_2": "https://sortiment.lidl.ch/media/catalog/product/cache/38c728e59b3a47950872534eff8a1e63/6/8/68074_Salat_PSXX_1.jpg",
  "file_name_3": "68074_3.jpg",
  "image_url_3": "https://sortiment.lidl.ch/media/catalog/product/cache/38c728e59b3a47950872534eff8a1e63/6/8/68074_Schnittlauch_PSXX_1.jpg",
  "file_name_4": "68074_4.jpg",
  "image_url_4": "https://sortiment.lidl.ch/media/catalog/product/cache/38c728e59b3a47950872534eff8a1e63/6/8/68074_Zwiebeln_PSXX.jpg"
},
{
  "_id": {
    "$oid": "66f3a7edd23ade1eec55fe0a"
  },
  "unique_id": "2741",
  "product_name": "Knorr Kräuterlinge",
  "brand": "Knorr",
  "regular_price": 3.09,
  "selling_price": 3.09,
  "price_per_unit": "pro 60g | 100g = 5.15 CHF",
  "breadcrumb": "Sortiment > Sortiment > Knorr Kräuterlinge",
  "pdp_url": "https://sortiment.lidl.ch/de/knorr-kraeuterlinge-0002741",
  "product_description": "Artikelnr.: 2741",
  "producthierarchy_level1": "Sortiment",
  "producthierarchy_level2": "Sortiment",
  "producthierarchy_level3": "Knorr Kräuterlinge",
  "producthierarchy_level4": "",
  "producthierarchy_level5": "",
  "producthierarchy_level6": "",
  "producthierarchy_level7": "",
  "currency": "Swiss franc",
  "file_name_1": "2741_1.jpg",
  "image_url_1": "https://sortiment.lidl.ch/media/catalog/product/cache/38c728e59b3a47950872534eff8a1e63/2/7/2741_Fruehling_PSXX.jpg",
  "file_name_2": "2741_2.jpg",
  "image_url_2": "https://sortiment.lidl.ch/media/catalog/product/cache/38c728e59b3a47950872534eff8a1e63/2/7/2741_Garten_PSXX.jpg",
  "file_name_3": "2741_3.jpg",
  "image_url_3": "https://sortiment.lidl.ch/media/catalog/product/cache/38c728e59b3a47950872534eff8a1e63/2/7/2741_Italienisch_PSXX.jpg"
},
{
  "_id": {
    "$oid": "66f3a7efd23ade1eec55fe0b"
  },
  "unique_id": "12057",
  "product_name": "Curry",
  "brand": "Kania",
  "regular_price": 0.59,
  "selling_price": 0.59,
  "price_per_unit": "pro 45g | 100g = 1.32 CHF",
  "breadcrumb": "Sortiment > Sortiment > Curry",
  "pdp_url": "https://sortiment.lidl.ch/de/curry-0012057",
  "product_description": "Artikelnr.: 12057",
  "producthierarchy_level1": "Sortiment",
  "producthierarchy_level2": "Sortiment",
  "producthierarchy_level3": "Curry",
  "producthierarchy_level4": "",
  "producthierarchy_level5": "",
  "producthierarchy_level6": "",
  "producthierarchy_level7": "",
  "currency": "Swiss franc",
  "file_name_1": "12057_1.jpg",
  "image_url_1": "https://sortiment.lidl.ch/media/catalog/product/cache/38c728e59b3a47950872534eff8a1e63/1/2/12057_PSXX.jpg"
},
{
  "_id": {
    "$oid": "66f3a7f0d23ade1eec55fe0c"
  },
  "unique_id": "12051",
  "product_name": "Paprika scharf",
  "brand": "Kania",
  "regular_price": 0.59,
  "selling_price": 0.59,
  "price_per_unit": "pro 50g | 100g = 1.18 CHF",
  "breadcrumb": "Sortiment > Sortiment > Paprika scharf",
  "pdp_url": "https://sortiment.lidl.ch/de/paprika-scharf-0012051",
  "product_description": "Artikelnr.: 12051",
  "producthierarchy_level1": "Sortiment",
  "producthierarchy_level2": "Sortiment",
  "producthierarchy_level3": "Paprika scharf",
  "producthierarchy_level4": "",
  "producthierarchy_level5": "",
  "producthierarchy_level6": "",
  "producthierarchy_level7": "",
  "currency": "Swiss franc",
  "file_name_1": "12051_1.jpg",
  "image_url_1": "https://sortiment.lidl.ch/media/catalog/product/cache/38c728e59b3a47950872534eff8a1e63/1/2/12051_PSXX.jpg"
},
{
  "_id": {
    "$oid": "66f3a7f1d23ade1eec55fe0d"
  },
  "unique_id": "12050",
  "product_name": "Paprika edelsüss",
  "brand": "Kania",
  "regular_price": 0.59,
  "selling_price": 0.59,
  "price_per_unit": "pro 50g | 100g = 1.18 CHF",
  "breadcrumb": "Sortiment > Sortiment > Paprika edelsüss",
  "pdp_url": "https://sortiment.lidl.ch/de/paprika-edelsuess-0012050",
  "product_description": "Artikelnr.: 12050",
  "producthierarchy_level1": "Sortiment",
  "producthierarchy_level2": "Sortiment",
  "producthierarchy_level3": "Paprika edelsüss",
  "producthierarchy_level4": "",
  "producthierarchy_level5": "",
  "producthierarchy_level6": "",
  "producthierarchy_level7": "",
  "currency": "Swiss franc",
  "file_name_1": "12050_1.jpg",
  "image_url_1": "https://sortiment.lidl.ch/media/catalog/product/cache/38c728e59b3a47950872534eff8a1e63/1/2/12050_PSXX.jpg"
},
{
  "_id": {
    "$oid": "66f3a7f3d23ade1eec55fe0e"
  },
  "unique_id": "12046",
  "product_name": "Pfeffer schwarz gemahlen",
  "brand": "Kania",
  "regular_price": 0.59,
  "selling_price": 0.59,
  "price_per_unit": "pro 50g | 100g = 1.18 CHF",
  "breadcrumb": "Sortiment > Sortiment > Pfeffer schwarz gemahlen",
  "pdp_url": "https://sortiment.lidl.ch/de/pfeffer-schwarz-gemahlen-0012046",
  "product_description": "Artikelnr.: 12046",
  "producthierarchy_level1": "Sortiment",
  "producthierarchy_level2": "Sortiment",
  "producthierarchy_level3": "Pfeffer schwarz gemahlen",
  "producthierarchy_level4": "",
  "producthierarchy_level5": "",
  "producthierarchy_level6": "",
  "producthierarchy_level7": "",
  "currency": "Swiss franc",
  "file_name_1": "12046_1.jpg",
  "image_url_1": "https://sortiment.lidl.ch/media/catalog/product/cache/38c728e59b3a47950872534eff8a1e63/1/2/12046_PSXX.jpg"
},
{
  "_id": {
    "$oid": "66f3a7f4d23ade1eec55fe0f"
  },
  "unique_id": "3433",
  "product_name": "Knorr Aromat Refill",
  "brand": "Knorr",
  "regular_price": 5.19,
  "selling_price": 5.19,
  "price_per_unit": "pro 270g | 100g = 1.93 CHF",
  "breadcrumb": "Sortiment > Sortiment > Knorr Aromat Refill",
  "pdp_url": "https://sortiment.lidl.ch/de/knorr-aromat-refill-0003433",
  "product_description": "Artikelnr.: 3433",
  "producthierarchy_level1": "Sortiment",
  "producthierarchy_level2": "Sortiment",
  "producthierarchy_level3": "Knorr Aromat Refill",
  "producthierarchy_level4": "",
  "producthierarchy_level5": "",
  "producthierarchy_level6": "",
  "producthierarchy_level7": "",
  "currency": "Swiss franc",
  "file_name_1": "3433_1.jpg",
  "image_url_1": "https://sortiment.lidl.ch/media/catalog/product/cache/38c728e59b3a47950872534eff8a1e63/3/4/3433_Einzeln_PSXX.jpg",
  "file_name_2": "3433_2.jpg",
  "image_url_2": "https://sortiment.lidl.ch/media/catalog/product/cache/38c728e59b3a47950872534eff8a1e63/3/4/3433_PSXX.jpg",
  "file_name_3": "3433_3.jpg",
  "image_url_3": "https://sortiment.lidl.ch/media/catalog/product/cache/38c728e59b3a47950872534eff8a1e63/3/4/3433_Trio_PSXX.jpg"
},
{
  "_id": {
    "$oid": "66f3a7f5d23ade1eec55fe10"
  },
  "unique_id": "1463",
  "product_name": "Knorr Aromat Streuer",
  "brand": "Knorr",
  "regular_price": 2.99,
  "selling_price": 2.99,
  "price_per_unit": "pro 90g | 100g = 3.33 CHF",
  "breadcrumb": "Sortiment > Sortiment > Knorr Aromat Streuer",
  "pdp_url": "https://sortiment.lidl.ch/de/knorr-aromat-streuer-0001463",
  "product_description": "Artikelnr.: 1463",
  "producthierarchy_level1": "Sortiment",
  "producthierarchy_level2": "Sortiment",
  "producthierarchy_level3": "Knorr Aromat Streuer",
  "producthierarchy_level4": "",
  "producthierarchy_level5": "",
  "producthierarchy_level6": "",
  "producthierarchy_level7": "",
  "currency": "Swiss franc",
  "file_name_1": "1463_1.jpg",
  "image_url_1": "https://sortiment.lidl.ch/media/catalog/product/cache/38c728e59b3a47950872534eff8a1e63/1/4/1463_PSXX.jpg",
  "file_name_2": "1463_2.jpg",
  "image_url_2": "https://sortiment.lidl.ch/media/catalog/product/cache/38c728e59b3a47950872534eff8a1e63/1/4/1463_Pack_PSXX.jpg"
},
{
  "_id": {
    "$oid": "66f3a7f7d23ade1eec55fe11"
  },
  "unique_id": "1112",
  "product_name": "Maggi Würze flüssig",
  "brand": "Maggi",
  "regular_price": 2.89,
  "selling_price": 2.89,
  "price_per_unit": "pro 250g | 100g = 1.16 CHF",
  "breadcrumb": "Sortiment > Sortiment > Maggi Würze flüssig",
  "pdp_url": "https://sortiment.lidl.ch/de/maggi-wuerze-fluessig-0001112",
  "product_description": "Artikelnr.: 1112",
  "producthierarchy_level1": "Sortiment",
  "producthierarchy_level2": "Sortiment",
  "producthierarchy_level3": "Maggi Würze flüssig",
  "producthierarchy_level4": "",
  "producthierarchy_level5": "",
  "producthierarchy_level6": "",
  "producthierarchy_level7": "",
  "currency": "Swiss franc",
  "file_name_1": "1112_1.jpg",
  "image_url_1": "https://sortiment.lidl.ch/media/catalog/product/cache/38c728e59b3a47950872534eff8a1e63/1/1/1112_Maggi_PSXX.jpg"
},
{
  "_id": {
    "$oid": "66f3a7f8d23ade1eec55fe12"
  },
  "unique_id": "39135",
  "product_name": "Italienische Antipasti",
  "brand": "Italiamo",
  "regular_price": 1.99,
  "selling_price": 1.99,
  "price_per_unit": "pro 140g, 157g, 180g (Abtropfgewicht) | 100g = 1.43, 1.27, 1.11 CHF",
  "breadcrumb": "Sortiment > Sortiment > Italienische Antipasti",
  "pdp_url": "https://sortiment.lidl.ch/de/italienische-antipasti-0039135",
  "product_description": "Artikelnr.: 39135",
  "producthierarchy_level1": "Sortiment",
  "producthierarchy_level2": "Sortiment",
  "producthierarchy_level3": "Italienische Antipasti",
  "producthierarchy_level4": "",
  "producthierarchy_level5": "",
  "producthierarchy_level6": "",
  "producthierarchy_level7": "",
  "currency": "Swiss franc",
  "file_name_1": "39135_1.jpg",
  "image_url_1": "https://sortiment.lidl.ch/media/catalog/product/cache/38c728e59b3a47950872534eff8a1e63/3/9/39135_Antipasti_PSXX.jpg",
  "file_name_2": "39135_2.jpg",
  "image_url_2": "https://sortiment.lidl.ch/media/catalog/product/cache/38c728e59b3a47950872534eff8a1e63/3/9/39135_Boretane_Onions_Party_PSXX.jpg",
  "file_name_3": "39135_3.jpg",
  "image_url_3": "https://sortiment.lidl.ch/media/catalog/product/cache/38c728e59b3a47950872534eff8a1e63/3/9/39135_Carciofi_PSXX.jpg",
  "file_name_4": "39135_4.jpg",
  "image_url_4": "https://sortiment.lidl.ch/media/catalog/product/cache/38c728e59b3a47950872534eff8a1e63/3/9/39135_Cipolle_PSXX.jpg",
  "file_name_5": "39135_5.jpg",
  "image_url_5": "https://sortiment.lidl.ch/media/catalog/product/cache/38c728e59b3a47950872534eff8a1e63/3/9/39135_Funghetti_PSXX.jpg",
  "file_name_6": "39135_6.jpg",
  "image_url_6": "https://sortiment.lidl.ch/media/catalog/product/cache/38c728e59b3a47950872534eff8a1e63/3/9/39135_Getrocknete_Tomaten_Party_PSXX.jpg",
  "file_name_7": "39135_7.jpg",
  "image_url_7": "https://sortiment.lidl.ch/media/catalog/product/cache/38c728e59b3a47950872534eff8a1e63/3/9/39135_Mushrooms_PSXX.jpg",
  "file_name_8": "39135_8.jpg",
  "image_url_8": "https://sortiment.lidl.ch/media/catalog/product/cache/38c728e59b3a47950872534eff8a1e63/3/9/39135_Pilze_Party_PSXX.jpg",
  "file_name_9": "39135_9.jpg",
  "image_url_9": "https://sortiment.lidl.ch/media/catalog/product/cache/38c728e59b3a47950872534eff8a1e63/3/9/39135_Tomaten_PSXX.jpg"
},
{
  "_id": {
    "$oid": "66f3a7f9d23ade1eec55fe13"
  },
  "unique_id": "29787",
  "product_name": "Pastasauce",
  "brand": "Combino",
  "regular_price": 1.09,
  "selling_price": 1.09,
  "price_per_unit": "pro 400ml | 100g = 0.26 CHF",
  "breadcrumb": "Sortiment > Sortiment > Pastasauce",
  "pdp_url": "https://sortiment.lidl.ch/de/pastasauce-0029787",
  "product_description": "Artikelnr.: 29787",
  "producthierarchy_level1": "Sortiment",
  "producthierarchy_level2": "Sortiment",
  "producthierarchy_level3": "Pastasauce",
  "producthierarchy_level4": "",
  "producthierarchy_level5": "",
  "producthierarchy_level6": "",
  "producthierarchy_level7": "",
  "currency": "Swiss franc",
  "file_name_1": "29787_1.jpg",
  "image_url_1": "https://sortiment.lidl.ch/media/catalog/product/cache/38c728e59b3a47950872534eff8a1e63/2/9/29787_Arrabbiata_PSXX.jpg",
  "file_name_2": "29787_2.jpg",
  "image_url_2": "https://sortiment.lidl.ch/media/catalog/product/cache/38c728e59b3a47950872534eff8a1e63/2/9/29787_Basilikum_PSXX.jpg",
  "file_name_3": "29787_3.jpg",
  "image_url_3": "https://sortiment.lidl.ch/media/catalog/product/cache/38c728e59b3a47950872534eff8a1e63/2/9/29787_Bolognese_PSXX.jpg"
},
{
  "_id": {
    "$oid": "66f3a7fad23ade1eec55fe14"
  },
  "unique_id": "22471",
  "product_name": "Italienischer Essig",
  "brand": "Acentino",
  "regular_price": 1.69,
  "selling_price": 1.69,
  "price_per_unit": "pro 0,5l | 1L = 3.38 CHF",
  "breadcrumb": "Sortiment > Sortiment > Italienischer Essig",
  "pdp_url": "https://sortiment.lidl.ch/de/italienischer-essig-0022471",
  "product_description": "Artikelnr.: 22471",
  "producthierarchy_level1": "Sortiment",
  "producthierarchy_level2": "Sortiment",
  "producthierarchy_level3": "Italienischer Essig",
  "producthierarchy_level4": "",
  "producthierarchy_level5": "",
  "producthierarchy_level6": "",
  "producthierarchy_level7": "",
  "currency": "Swiss franc",
  "file_name_1": "22471_1.jpg",
  "image_url_1": "https://sortiment.lidl.ch/media/catalog/product/cache/38c728e59b3a47950872534eff8a1e63/2/2/22471_Balsamico_PSXX.jpg",
  "file_name_2": "22471_2.jpg",
  "image_url_2": "https://sortiment.lidl.ch/media/catalog/product/cache/38c728e59b3a47950872534eff8a1e63/2/2/22471_Bianco_PSXX.jpg"
},
{
  "_id": {
    "$oid": "66f3a7fbd23ade1eec55fe15"
  },
  "unique_id": "2861",
  "product_name": "Barilla Pesto",
  "brand": "Barilla",
  "regular_price": 3.99,
  "selling_price": 3.19,
  "price_per_unit": "pro 190g, 200g | 100g = 1.68, 1.60 CHF",
  "breadcrumb": "Sortiment > Sortiment > Barilla Pesto",
  "pdp_url": "https://sortiment.lidl.ch/de/barilla-pesto-0002861",
  "product_description": "Artikelnr.: 2861",
  "producthierarchy_level1": "Sortiment",
  "producthierarchy_level2": "Sortiment",
  "producthierarchy_level3": "Barilla Pesto",
  "producthierarchy_level4": "",
  "producthierarchy_level5": "",
  "producthierarchy_level6": "",
  "producthierarchy_level7": "",
  "currency": "Swiss franc",
  "file_name_1": "2861_1.jpg",
  "image_url_1": "https://sortiment.lidl.ch/media/catalog/product/cache/38c728e59b3a47950872534eff8a1e63/2/8/2861_Calabrese_PSXX.jpg",
  "file_name_2": "2861_2.jpg",
  "image_url_2": "https://sortiment.lidl.ch/media/catalog/product/cache/38c728e59b3a47950872534eff8a1e63/2/8/2861_Rosso_PSXX.jpg",
  "file_name_3": "2861_3.jpg",
  "image_url_3": "https://sortiment.lidl.ch/media/catalog/product/cache/38c728e59b3a47950872534eff8a1e63/2/8/2861_genovese_PSXX.jpg"
},
{
  "_id": {
    "$oid": "66f3a7fcd23ade1eec55fe16"
  },
  "unique_id": "1868",
  "product_name": "Thomy Sauce",
  "brand": "Thomy",
  "regular_price": 3.79,
  "selling_price": 3.79,
  "price_per_unit": "pro 250ml | 1L = 15.16 CHF",
  "breadcrumb": "Sortiment > Sortiment > Thomy Sauce",
  "pdp_url": "https://sortiment.lidl.ch/de/thomy-sauce-0001868",
  "product_description": "Artikelnr.: 1868",
  "producthierarchy_level1": "Sortiment",
  "producthierarchy_level2": "Sortiment",
  "producthierarchy_level3": "Thomy Sauce",
  "producthierarchy_level4": "",
  "producthierarchy_level5": "",
  "producthierarchy_level6": "",
  "producthierarchy_level7": "",
  "currency": "Swiss franc",
  "file_name_1": "1868_1.jpg",
  "image_url_1": "https://sortiment.lidl.ch/media/catalog/product/cache/38c728e59b3a47950872534eff8a1e63/1/8/1868_Bearnaise_PSXX.jpg",
  "file_name_2": "1868_2.jpg",
  "image_url_2": "https://sortiment.lidl.ch/media/catalog/product/cache/38c728e59b3a47950872534eff8a1e63/1/8/1868_Champignons_PSXX.jpg",
  "file_name_3": "1868_3.jpg",
  "image_url_3": "https://sortiment.lidl.ch/media/catalog/product/cache/38c728e59b3a47950872534eff8a1e63/1/8/1868_Curry_PSXX.jpg",
  "file_name_4": "1868_4.jpg",
  "image_url_4": "https://sortiment.lidl.ch/media/catalog/product/cache/38c728e59b3a47950872534eff8a1e63/1/8/1868_Gratin_PSXX.jpg",
  "file_name_5": "1868_5.jpg",
  "image_url_5": "https://sortiment.lidl.ch/media/catalog/product/cache/38c728e59b3a47950872534eff8a1e63/1/8/1868_Rahmsauce_PSXX.jpg",
  "file_name_6": "1868_6.jpg",
  "image_url_6": "https://sortiment.lidl.ch/media/catalog/product/cache/38c728e59b3a47950872534eff8a1e63/1/8/1868_Zurcher_Geschnetzeltes_PSXX.jpg"
},
{
  "_id": {
    "$oid": "66f3a7fdd23ade1eec55fe17"
  },
  "unique_id": "1767",
  "product_name": "Barilla Arrabbiata Sauce",
  "brand": "Barilla",
  "regular_price": 2.99,
  "selling_price": 2.99,
  "price_per_unit": "pro 400g | 100g = 0.75 CHF",
  "breadcrumb": "Sortiment > Sortiment > Barilla Arrabbiata Sauce",
  "pdp_url": "https://sortiment.lidl.ch/de/barilla-arrabbiata-sauce-0001767",
  "product_description": "Artikelnr.: 1767",
  "producthierarchy_level1": "Sortiment",
  "producthierarchy_level2": "Sortiment",
  "producthierarchy_level3": "Barilla Arrabbiata Sauce",
  "producthierarchy_level4": "",
  "producthierarchy_level5": "",
  "producthierarchy_level6": "",
  "producthierarchy_level7": "",
  "currency": "Swiss franc",
  "file_name_1": "1767_1.jpg",
  "image_url_1": "https://sortiment.lidl.ch/media/catalog/product/cache/38c728e59b3a47950872534eff8a1e63/1/7/1767_PSXX.jpg"
},
{
  "_id": {
    "$oid": "66f3a7fed23ade1eec55fe18"
  },
  "unique_id": "1061",
  "product_name": "Barilla Napoletana Sauce",
  "brand": "Barilla",
  "regular_price": 2.99,
  "selling_price": 2.99,
  "price_per_unit": "pro 400g | 100g = 0.75 CHF",
  "breadcrumb": "Sortiment > Sortiment > Barilla Napoletana Sauce",
  "pdp_url": "https://sortiment.lidl.ch/de/barilla-napoletana-sauce-0001061",
  "product_description": "Artikelnr.: 1061",
  "producthierarchy_level1": "Sortiment",
  "producthierarchy_level2": "Sortiment",
  "producthierarchy_level3": "Barilla Napoletana Sauce",
  "producthierarchy_level4": "",
  "producthierarchy_level5": "",
  "producthierarchy_level6": "",
  "producthierarchy_level7": "",
  "currency": "Swiss franc",
  "file_name_1": "1061_1.jpg",
  "image_url_1": "https://sortiment.lidl.ch/media/catalog/product/cache/38c728e59b3a47950872534eff8a1e63/1/0/1061_PSXX.jpg"
},
{
  "_id": {
    "$oid": "66f3a7ffd23ade1eec55fe19"
  },
  "unique_id": "1060",
  "product_name": "Barilla Basilico Sauce",
  "brand": "Barilla",
  "regular_price": 2.99,
  "selling_price": 2.99,
  "price_per_unit": "pro 400g | 100g = 0.75 CHF",
  "breadcrumb": "Sortiment > Sortiment > Barilla Basilico Sauce",
  "pdp_url": "https://sortiment.lidl.ch/de/barilla-basilico-sauce-0001060",
  "product_description": "Artikelnr.: 1060",
  "producthierarchy_level1": "Sortiment",
  "producthierarchy_level2": "Sortiment",
  "producthierarchy_level3": "Barilla Basilico Sauce",
  "producthierarchy_level4": "",
  "producthierarchy_level5": "",
  "producthierarchy_level6": "",
  "producthierarchy_level7": "",
  "currency": "Swiss franc",
  "file_name_1": "1060_1.jpg",
  "image_url_1": "https://sortiment.lidl.ch/media/catalog/product/cache/38c728e59b3a47950872534eff8a1e63/1/0/1060_PSXX.jpg"
},
{
  "_id": {
    "$oid": "66f3a800d23ade1eec55fe1a"
  },
  "unique_id": "39124",
  "product_name": "Bio Pastasauce",
  "brand": "Combino",
  "regular_price": 1.85,
  "selling_price": 1.85,
  "price_per_unit": "pro 350g | 100g = 0.53 CHF",
  "breadcrumb": "Sortiment > Sortiment > Bio Pastasauce",
  "pdp_url": "https://sortiment.lidl.ch/de/bio-pastasauce-0039124",
  "product_description": "Artikelnr.: 39124",
  "producthierarchy_level1": "Sortiment",
  "producthierarchy_level2": "Sortiment",
  "producthierarchy_level3": "Bio Pastasauce",
  "producthierarchy_level4": "",
  "producthierarchy_level5": "",
  "producthierarchy_level6": "",
  "producthierarchy_level7": "",
  "currency": "Swiss franc",
  "file_name_1": "39124_1.jpg",
  "image_url_1": "https://sortiment.lidl.ch/media/catalog/product/cache/38c728e59b3a47950872534eff8a1e63/3/9/39124_Arrabbiata_PSXX.jpg",
  "file_name_2": "39124_2.jpg",
  "image_url_2": "https://sortiment.lidl.ch/media/catalog/product/cache/38c728e59b3a47950872534eff8a1e63/3/9/39124_Bolognese_PSXX.jpg",
  "file_name_3": "39124_3.jpg",
  "image_url_3": "https://sortiment.lidl.ch/media/catalog/product/cache/38c728e59b3a47950872534eff8a1e63/3/9/39124_Napoletana_PSXX.jpg"
},
{
  "_id": {
    "$oid": "66f3a801d23ade1eec55fe1b"
  },
  "unique_id": "11890",
  "product_name": "Salsa Dips",
  "brand": "Snack Day",
  "regular_price": 1.45,
  "selling_price": 1.45,
  "price_per_unit": "pro 300g, 315g | 100g = 0.49, 0.47 CHF",
  "breadcrumb": "Sortiment > Sortiment > Salsa Dips",
  "pdp_url": "https://sortiment.lidl.ch/de/salsa-dips-0011890",
  "product_description": "Artikelnr.: 11890",
  "producthierarchy_level1": "Sortiment",
  "producthierarchy_level2": "Sortiment",
  "producthierarchy_level3": "Salsa Dips",
  "producthierarchy_level4": "",
  "producthierarchy_level5": "",
  "producthierarchy_level6": "",
  "producthierarchy_level7": "",
  "currency": "Swiss franc",
  "file_name_1": "11890_1.jpg",
  "image_url_1": "https://sortiment.lidl.ch/media/catalog/product/cache/38c728e59b3a47950872534eff8a1e63/1/1/11890_Guacamole_PSXX.jpg",
  "file_name_2": "11890_2.jpg",
  "image_url_2": "https://sortiment.lidl.ch/media/catalog/product/cache/38c728e59b3a47950872534eff8a1e63/1/1/11890_cheese_PSXX_1.jpg",
  "file_name_3": "11890_3.jpg",
  "image_url_3": "https://sortiment.lidl.ch/media/catalog/product/cache/38c728e59b3a47950872534eff8a1e63/1/1/11890_hot_PSXX_1.jpg",
  "file_name_4": "11890_4.jpg",
  "image_url_4": "https://sortiment.lidl.ch/media/catalog/product/cache/38c728e59b3a47950872534eff8a1e63/1/1/11890_medium_PSXX_1.jpg"
},
{
  "_id": {
    "$oid": "66f3a802d23ade1eec55fe1c"
  },
  "unique_id": "11624",
  "product_name": "Pesto",
  "brand": "Italiamo",
  "regular_price": 1.59,
  "selling_price": 1.59,
  "price_per_unit": "pro 190g | 100g = 0.84 CHF",
  "breadcrumb": "Sortiment > Sortiment > Pesto",
  "pdp_url": "https://sortiment.lidl.ch/de/pesto-0011624",
  "product_description": "Artikelnr.: 11624",
  "producthierarchy_level1": "Sortiment",
  "producthierarchy_level2": "Sortiment",
  "producthierarchy_level3": "Pesto",
  "producthierarchy_level4": "",
  "producthierarchy_level5": "",
  "producthierarchy_level6": "",
  "producthierarchy_level7": "",
  "currency": "Swiss franc",
  "file_name_1": "11624_1.jpg",
  "image_url_1": "https://sortiment.lidl.ch/media/catalog/product/cache/38c728e59b3a47950872534eff8a1e63/1/1/11624_Baresa_Calabrese_PSXX.jpg",
  "file_name_2": "11624_2.jpg",
  "image_url_2": "https://sortiment.lidl.ch/media/catalog/product/cache/38c728e59b3a47950872534eff8a1e63/1/1/11624_Baresa_Genovese_PSXX.jpg",
  "file_name_3": "11624_3.jpg",
  "image_url_3": "https://sortiment.lidl.ch/media/catalog/product/cache/38c728e59b3a47950872534eff8a1e63/1/1/11624_Calbrese_PSXX.jpg",
  "file_name_4": "11624_4.jpg",
  "image_url_4": "https://sortiment.lidl.ch/media/catalog/product/cache/38c728e59b3a47950872534eff8a1e63/1/1/11624_Genovese_PSXX.jpg",
  "file_name_5": "11624_5.jpg",
  "image_url_5": "https://sortiment.lidl.ch/media/catalog/product/cache/38c728e59b3a47950872534eff8a1e63/1/1/11624_Rosso_Baresa_PSXX.jpg",
  "file_name_6": "11624_6.jpg",
  "image_url_6": "https://sortiment.lidl.ch/media/catalog/product/cache/38c728e59b3a47950872534eff8a1e63/1/1/11624_Rosso_PSXX.jpg"
},
{
  "_id": {
    "$oid": "66f3a804d23ade1eec55fe1d"
  },
  "unique_id": "2968",
  "product_name": "Heinz Feinkostsaucen",
  "brand": "Heinz",
  "regular_price": 2.69,
  "selling_price": 2.69,
  "price_per_unit": "pro 220ml | 1L = 12.23 CHF",
  "breadcrumb": "Sortiment > Sortiment > Heinz Feinkostsaucen",
  "pdp_url": "https://sortiment.lidl.ch/de/heinz-feinkostsaucen-0002968",
  "product_description": "Artikelnr.: 2968",
  "producthierarchy_level1": "Sortiment",
  "producthierarchy_level2": "Sortiment",
  "producthierarchy_level3": "Heinz Feinkostsaucen",
  "producthierarchy_level4": "",
  "producthierarchy_level5": "",
  "producthierarchy_level6": "",
  "producthierarchy_level7": "",
  "currency": "Swiss franc",
  "file_name_1": "2968_1.jpg",
  "image_url_1": "https://sortiment.lidl.ch/media/catalog/product/cache/38c728e59b3a47950872534eff8a1e63/2/9/2968_Barbecue_PSXX.jpg",
  "file_name_2": "2968_2.jpg",
  "image_url_2": "https://sortiment.lidl.ch/media/catalog/product/cache/38c728e59b3a47950872534eff8a1e63/2/9/2968_Cocktail_PSXX.jpg",
  "file_name_3": "2968_3.jpg",
  "image_url_3": "https://sortiment.lidl.ch/media/catalog/product/cache/38c728e59b3a47950872534eff8a1e63/2/9/2968_Curry_Mango_PSXX.jpg",
  "file_name_4": "2968_4.jpg",
  "image_url_4": "https://sortiment.lidl.ch/media/catalog/product/cache/38c728e59b3a47950872534eff8a1e63/2/9/2968_Hot_Chili_PSXX.jpg",
  "file_name_5": "2968_5.jpg",
  "image_url_5": "https://sortiment.lidl.ch/media/catalog/product/cache/38c728e59b3a47950872534eff8a1e63/2/9/2968_Knoblauch_PSXX.jpg"
},
{
  "_id": {
    "$oid": "66f3a805d23ade1eec55fe1e"
  },
  "unique_id": "3353",
  "product_name": "Barilla Bolognese/Ricotta Sauce",
  "brand": "Barilla",
  "regular_price": 3.99,
  "selling_price": 3.99,
  "price_per_unit": "pro 400g | 100g = 1.00 CHF",
  "breadcrumb": "Sortiment > Sortiment > Barilla Bolognese/Ricotta Sauce",
  "pdp_url": "https://sortiment.lidl.ch/de/barilla-bolognese-ricotta-sauce-0003353",
  "product_description": "Artikelnr.: 3353",
  "producthierarchy_level1": "Sortiment",
  "producthierarchy_level2": "Sortiment",
  "producthierarchy_level3": "Barilla Bolognese/Ricotta Sauce",
  "producthierarchy_level4": "",
  "producthierarchy_level5": "",
  "producthierarchy_level6": "",
  "producthierarchy_level7": "",
  "currency": "Swiss franc",
  "file_name_1": "3353_1.jpg",
  "image_url_1": "https://sortiment.lidl.ch/media/amasty/amoptmobile/catalog/product/cache/38c728e59b3a47950872534eff8a1e63/3/3/3353_Bolognese_PSXX.jpg",
  "file_name_2": "3353_2.jpg",
  "image_url_2": "https://sortiment.lidl.ch/media/catalog/product/cache/38c728e59b3a47950872534eff8a1e63/3/3/3353_Ricota_PSXX.jpg"
},
{
  "_id": {
    "$oid": "66f3a806d23ade1eec55fe1f"
  },
  "unique_id": "1430",
  "product_name": "Chirat Kressi Kräuteressig",
  "brand": "Chirat",
  "regular_price": 3.29,
  "selling_price": 3.29,
  "price_per_unit": "pro 1l",
  "breadcrumb": "Sortiment > Sortiment > Chirat Kressi Kräuteressig",
  "pdp_url": "https://sortiment.lidl.ch/de/chirat-kressi-kraeuteressig-0001430",
  "product_description": "Artikelnr.: 1430",
  "producthierarchy_level1": "Sortiment",
  "producthierarchy_level2": "Sortiment",
  "producthierarchy_level3": "Chirat Kressi Kräuteressig",
  "producthierarchy_level4": "",
  "producthierarchy_level5": "",
  "producthierarchy_level6": "",
  "producthierarchy_level7": "",
  "currency": "Swiss franc",
  "file_name_1": "1430_1.jpg",
  "image_url_1": "https://sortiment.lidl.ch/media/catalog/product/cache/38c728e59b3a47950872534eff8a1e63/1/4/1430_PSXX.jpg"
},
{
  "_id": {
    "$oid": "66f3a807d23ade1eec55fe20"
  },
  "unique_id": "3216",
  "product_name": "Mayonnaise",
  "brand": "Kania",
  "regular_price": 1.49,
  "selling_price": 1.49,
  "price_per_unit": "pro 265g | 100g = 0.57 CHF",
  "breadcrumb": "Sortiment > Sortiment > Mayonnaise",
  "pdp_url": "https://sortiment.lidl.ch/de/mayonnaise-0003216",
  "product_description": "Artikelnr.: 3216",
  "producthierarchy_level1": "Sortiment",
  "producthierarchy_level2": "Sortiment",
  "producthierarchy_level3": "Mayonnaise",
  "producthierarchy_level4": "",
  "producthierarchy_level5": "",
  "producthierarchy_level6": "",
  "producthierarchy_level7": "",
  "currency": "Swiss franc",
  "file_name_1": "3216_1.jpg",
  "image_url_1": "https://sortiment.lidl.ch/media/catalog/product/cache/38c728e59b3a47950872534eff8a1e63/3/2/3216_Classic_PSXX.jpg",
  "file_name_2": "3216_2.jpg",
  "image_url_2": "https://sortiment.lidl.ch/media/catalog/product/cache/38c728e59b3a47950872534eff8a1e63/3/2/3216_Light_PSXX.jpg"
},
{
  "_id": {
    "$oid": "66f3a808d23ade1eec55fe21"
  },
  "unique_id": "3134",
  "product_name": "Mayonnaise Spezialitäten",
  "brand": "Kania",
  "regular_price": 1.75,
  "selling_price": 1.75,
  "price_per_unit": "pro 265g | 100g = 0.67 CHF",
  "breadcrumb": "Sortiment > Sortiment > Mayonnaise Spezialitäten",
  "pdp_url": "https://sortiment.lidl.ch/de/mayonnaise-spezialitaeten-0003134",
  "product_description": "Artikelnr.: 3134",
  "producthierarchy_level1": "Sortiment",
  "producthierarchy_level2": "Sortiment",
  "producthierarchy_level3": "Mayonnaise Spezialitäten",
  "producthierarchy_level4": "",
  "producthierarchy_level5": "",
  "producthierarchy_level6": "",
  "producthierarchy_level7": "",
  "currency": "Swiss franc",
  "file_name_1": "3134_1.jpg",
  "image_url_1": "https://sortiment.lidl.ch/media/catalog/product/cache/38c728e59b3a47950872534eff8a1e63/3/1/3134_Cury_PSXX.jpg",
  "file_name_2": "3134_2.jpg",
  "image_url_2": "https://sortiment.lidl.ch/media/catalog/product/cache/38c728e59b3a47950872534eff8a1e63/3/1/3134_Knoblauch_PSXX.jpg",
  "file_name_3": "3134_3.jpg",
  "image_url_3": "https://sortiment.lidl.ch/media/catalog/product/cache/38c728e59b3a47950872534eff8a1e63/3/1/3134_Senf_PSXX.jpg",
  "file_name_4": "3134_4.jpg",
  "image_url_4": "https://sortiment.lidl.ch/media/catalog/product/cache/38c728e59b3a47950872534eff8a1e63/3/1/3134_Tartar_PSXX.jpg",
  "file_name_5": "3134_5.jpg",
  "image_url_5": "https://sortiment.lidl.ch/media/catalog/product/cache/38c728e59b3a47950872534eff8a1e63/3/1/3134_Thon_PSXX.jpg"
},
{
  "_id": {
    "$oid": "66f3a809d23ade1eec55fe22"
  },
  "unique_id": "1092",
  "product_name": "Thomynaise Light",
  "brand": "Thomy",
  "regular_price": 2.79,
  "selling_price": 2.79,
  "price_per_unit": "pro 280g | 100g = 1.00 CHF",
  "breadcrumb": "Sortiment > Sortiment > Thomynaise Light",
  "pdp_url": "https://sortiment.lidl.ch/de/thomynaise-light-0001092",
  "product_description": "Artikelnr.: 1092",
  "producthierarchy_level1": "Sortiment",
  "producthierarchy_level2": "Sortiment",
  "producthierarchy_level3": "Thomynaise Light",
  "producthierarchy_level4": "",
  "producthierarchy_level5": "",
  "producthierarchy_level6": "",
  "producthierarchy_level7": "",
  "currency": "Swiss franc",
  "file_name_1": "1092_1.jpg",
  "image_url_1": "https://sortiment.lidl.ch/media/catalog/product/cache/38c728e59b3a47950872534eff8a1e63/1/0/1092_Thomynaise_Standard_Light_PSXX.jpg"
},
{
  "_id": {
    "$oid": "66f3a80ad23ade1eec55fe23"
  },
  "unique_id": "1091",
  "product_name": "Thomy Mayonnaise",
  "brand": "Thomy",
  "regular_price": 2.79,
  "selling_price": 2.79,
  "price_per_unit": "pro 265g | 100g = 1.06 CHF",
  "breadcrumb": "Sortiment > Sortiment > Thomy Mayonnaise",
  "pdp_url": "https://sortiment.lidl.ch/de/thomy-mayonnaise-0001091",
  "product_description": "Artikelnr.: 1091",
  "producthierarchy_level1": "Sortiment",
  "producthierarchy_level2": "Sortiment",
  "producthierarchy_level3": "Thomy Mayonnaise",
  "producthierarchy_level4": "",
  "producthierarchy_level5": "",
  "producthierarchy_level6": "",
  "producthierarchy_level7": "",
  "currency": "Swiss franc",
  "file_name_1": "1091_1.jpg",
  "image_url_1": "https://sortiment.lidl.ch/media/catalog/product/cache/38c728e59b3a47950872534eff8a1e63/1/0/1091_PSXX.jpg"
},
{
  "_id": {
    "$oid": "66f3a80bd23ade1eec55fe24"
  },
  "unique_id": "7701080",
  "product_name": "Salate mit Dressing",
  "brand": "Chef Select",
  "regular_price": 3.79,
  "selling_price": 3.79,
  "price_per_unit": "pro 300g | 100g = 1.27 CHF",
  "breadcrumb": "Sortiment > Sortiment > Salate mit Dressing",
  "pdp_url": "https://sortiment.lidl.ch/de/salate-mit-dressing-7701080",
  "product_description": "Artikelnr.: 7701080",
  "producthierarchy_level1": "Sortiment",
  "producthierarchy_level2": "Sortiment",
  "producthierarchy_level3": "Salate mit Dressing",
  "producthierarchy_level4": "",
  "producthierarchy_level5": "",
  "producthierarchy_level6": "",
  "producthierarchy_level7": "",
  "currency": "Swiss franc",
  "file_name_1": "7701080_1.jpg",
  "image_url_1": "https://sortiment.lidl.ch/media/catalog/product/cache/38c728e59b3a47950872534eff8a1e63/7/7/7701080_Hellas_PSXX_3.jpg",
  "file_name_2": "7701080_2.jpg",
  "image_url_2": "https://sortiment.lidl.ch/media/catalog/product/cache/38c728e59b3a47950872534eff8a1e63/7/7/7701080_Italian_PSXX_3.jpg",
  "file_name_3": "7701080_3.jpg",
  "image_url_3": "https://sortiment.lidl.ch/media/catalog/product/cache/38c728e59b3a47950872534eff8a1e63/7/7/7701080_Mexicana_PSXX_3.jpg"
},
{
  "_id": {
    "$oid": "66f3a80cd23ade1eec55fe25"
  },
  "unique_id": "5103691",
  "product_name": "Bio Gemüsemischung",
  "brand": "Chef Select & You",
  "regular_price": 1.69,
  "selling_price": 1.69,
  "price_per_unit": "pro 200g, 250g | 100g = 0.85, 0.68 CHF",
  "breadcrumb": "Sortiment > Sortiment > Bio Gemüsemischung",
  "pdp_url": "https://sortiment.lidl.ch/de/bio-gemuesemischung-5103691",
  "product_description": "Artikelnr.: 5103691 diverse Sorten",
  "producthierarchy_level1": "Sortiment",
  "producthierarchy_level2": "Sortiment",
  "producthierarchy_level3": "Bio Gemüsemischung",
  "producthierarchy_level4": "",
  "producthierarchy_level5": "",
  "producthierarchy_level6": "",
  "producthierarchy_level7": "",
  "currency": "Swiss franc",
  "file_name_1": "5103691_1.jpg",
  "image_url_1": "https://sortiment.lidl.ch/media/catalog/product/cache/38c728e59b3a47950872534eff8a1e63/5/1/5103691_Karotten_PSXX_1.jpg",
  "file_name_2": "5103691_2.jpg",
  "image_url_2": "https://sortiment.lidl.ch/media/catalog/product/cache/38c728e59b3a47950872534eff8a1e63/5/1/5103691_Sellerie_PSXX_3.jpg",
  "file_name_3": "5103691_3.jpg",
  "image_url_3": "https://sortiment.lidl.ch/media/catalog/product/cache/38c728e59b3a47950872534eff8a1e63/5/1/5103691_Weisskabis_PSXX_1.jpg"
},
{
  "_id": {
    "$oid": "66f3a80ed23ade1eec55fe26"
  },
  "unique_id": "5104207",
  "product_name": "Bio Salatmischung",
  "brand": "Chef Select",
  "regular_price": 1.95,
  "selling_price": 1.95,
  "price_per_unit": "pro 150g, 180g | 100g = 1.30, 1.09 CHF",
  "breadcrumb": "Sortiment > Sortiment > Bio Salatmischung",
  "pdp_url": "https://sortiment.lidl.ch/de/bio-salatmischung-5104207",
  "product_description": "Artikelnr.: 5104207 diverse Sorten",
  "producthierarchy_level1": "Sortiment",
  "producthierarchy_level2": "Sortiment",
  "producthierarchy_level3": "Bio Salatmischung",
  "producthierarchy_level4": "",
  "producthierarchy_level5": "",
  "producthierarchy_level6": "",
  "producthierarchy_level7": "",
  "currency": "Swiss franc",
  "file_name_1": "5104207_1.jpg",
  "image_url_1": "https://sortiment.lidl.ch/media/catalog/product/cache/38c728e59b3a47950872534eff8a1e63/5/1/5104207_eisberg_PSXX.jpg",
  "file_name_2": "5104207_2.jpg",
  "image_url_2": "https://sortiment.lidl.ch/media/catalog/product/cache/38c728e59b3a47950872534eff8a1e63/5/1/5104207_garten_PSXX.jpg"
},
{
  "_id": {
    "$oid": "66f3a80fd23ade1eec55fe27"
  },
  "unique_id": "5107432",
  "product_name": "Mischsalat DUO",
  "brand": "Chef Select",
  "regular_price": 1.99,
  "selling_price": 1.99,
  "price_per_unit": "pro 400g | 100g = 0.50 CHF",
  "breadcrumb": "Sortiment > Sortiment > Mischsalat DUO",
  "pdp_url": "https://sortiment.lidl.ch/de/mischsalat-duo-5107432",
  "product_description": "Artikelnr.: 5107432",
  "producthierarchy_level1": "Sortiment",
  "producthierarchy_level2": "Sortiment",
  "producthierarchy_level3": "Mischsalat DUO",
  "producthierarchy_level4": "",
  "producthierarchy_level5": "",
  "producthierarchy_level6": "",
  "producthierarchy_level7": "",
  "currency": "Swiss franc",
  "file_name_1": "5107432_1.jpg",
  "image_url_1": "https://sortiment.lidl.ch/media/catalog/product/cache/38c728e59b3a47950872534eff8a1e63/5/1/5107432_PSXX.jpg"
},
{
  "_id": {
    "$oid": "66f3a811d23ade1eec55fe28"
  },
  "unique_id": "5103683",
  "product_name": "Mischsalat Family Edition",
  "brand": "Chef Select",
  "regular_price": 2.49,
  "selling_price": 2.49,
  "price_per_unit": "pro 500g | 100g = 0.50 CHF",
  "breadcrumb": "Sortiment > Sortiment > Mischsalat Family Edition",
  "pdp_url": "https://sortiment.lidl.ch/de/mischsalat-family-edition-5103683",
  "product_description": "Artikelnr.: 5103683",
  "producthierarchy_level1": "Sortiment",
  "producthierarchy_level2": "Sortiment",
  "producthierarchy_level3": "Mischsalat Family Edition",
  "producthierarchy_level4": "",
  "producthierarchy_level5": "",
  "producthierarchy_level6": "",
  "producthierarchy_level7": "",
  "currency": "Swiss franc",
  "file_name_1": "5103683_1.jpg",
  "image_url_1": "https://sortiment.lidl.ch/media/catalog/product/cache/38c728e59b3a47950872534eff8a1e63/5/1/5103683_PSXX.jpg"
},
{
  "_id": {
    "$oid": "66f3a812d23ade1eec55fe29"
  },
  "unique_id": "5100829",
  "product_name": "Gemischter Blattsalat",
  "brand": "Chef Select",
  "regular_price": 1.59,
  "selling_price": 1.59,
  "price_per_unit": "pro 250g | 100g = 0.64 CHF",
  "breadcrumb": "Sortiment > Sortiment > Gemischter Blattsalat",
  "pdp_url": "https://sortiment.lidl.ch/de/gemischter-blattsalat-5100829",
  "product_description": "Artikelnr.: 5100829",
  "producthierarchy_level1": "Sortiment",
  "producthierarchy_level2": "Sortiment",
  "producthierarchy_level3": "Gemischter Blattsalat",
  "producthierarchy_level4": "",
  "producthierarchy_level5": "",
  "producthierarchy_level6": "",
  "producthierarchy_level7": "",
  "currency": "Swiss franc",
  "file_name_1": "5100829_1.jpg",
  "image_url_1": "https://sortiment.lidl.ch/media/catalog/product/cache/38c728e59b3a47950872534eff8a1e63/5/1/5100829_PSXX.jpg"
},
{
  "_id": {
    "$oid": "66f3a813d23ade1eec55fe2a"
  },
  "unique_id": "5100819",
  "product_name": "Nüsslisalat",
  "brand": "Chef Select",
  "regular_price": 2.49,
  "selling_price": 2.49,
  "price_per_unit": "pro 100g",
  "breadcrumb": "Sortiment > Sortiment > Nüsslisalat",
  "pdp_url": "https://sortiment.lidl.ch/de/nuesslisalat-5100819",
  "product_description": "Artikelnr.: 5100819",
  "producthierarchy_level1": "Sortiment",
  "producthierarchy_level2": "Sortiment",
  "producthierarchy_level3": "Nüsslisalat",
  "producthierarchy_level4": "",
  "producthierarchy_level5": "",
  "producthierarchy_level6": "",
  "producthierarchy_level7": "",
  "currency": "Swiss franc",
  "file_name_1": "5100819_1.jpg",
  "image_url_1": "https://sortiment.lidl.ch/media/catalog/product/cache/38c728e59b3a47950872534eff8a1e63/5/1/5100819_PSXX.jpg"
},
{
  "_id": {
    "$oid": "66f3a814d23ade1eec55fe2b"
  },
  "unique_id": "5100476",
  "product_name": "Premium Salatdressing",
  "brand": "Chef Select & You",
  "regular_price": 1.99,
  "selling_price": 1.99,
  "price_per_unit": "pro 500ml | 1L = 3.98 CHF",
  "breadcrumb": "Sortiment > Sortiment > Premium Salatdressing",
  "pdp_url": "https://sortiment.lidl.ch/de/premium-salatdressing-5100476",
  "product_description": "Artikelnr.: 5100476",
  "producthierarchy_level1": "Sortiment",
  "producthierarchy_level2": "Sortiment",
  "producthierarchy_level3": "Premium Salatdressing",
  "producthierarchy_level4": "",
  "producthierarchy_level5": "",
  "producthierarchy_level6": "",
  "producthierarchy_level7": "",
  "currency": "Swiss franc",
  "file_name_1": "5100476_1.jpg",
  "image_url_1": "https://sortiment.lidl.ch/media/catalog/product/cache/38c728e59b3a47950872534eff8a1e63/5/1/5100476_Balsamico_PSXX.jpg",
  "file_name_2": "5100476_2.jpg",
  "image_url_2": "https://sortiment.lidl.ch/media/catalog/product/cache/38c728e59b3a47950872534eff8a1e63/5/1/5100476_Ceasar_PSXX.jpg",
  "file_name_3": "5100476_3.jpg",
  "image_url_3": "https://sortiment.lidl.ch/media/catalog/product/cache/38c728e59b3a47950872534eff8a1e63/5/1/5100476_LouisFrench_PSXX.jpg",
  "file_name_4": "5100476_4.jpg",
  "image_url_4": "https://sortiment.lidl.ch/media/catalog/product/cache/38c728e59b3a47950872534eff8a1e63/5/1/5100476_ThousandIsland_PSXX.jpg"
},
{
  "_id": {
    "$oid": "66f3a815d23ade1eec55fe2c"
  },
  "unique_id": "5100480",
  "product_name": "Italian Dressing",
  "brand": "Chef Select & You",
  "regular_price": 1.99,
  "selling_price": 1.59,
  "price_per_unit": "pro 1000ml",
  "breadcrumb": "Sortiment > Sortiment > Italian Dressing",
  "pdp_url": "https://sortiment.lidl.ch/de/italian-dressing-5100480",
  "product_description": "Artikelnr.: 5100480",
  "producthierarchy_level1": "Sortiment",
  "producthierarchy_level2": "Sortiment",
  "producthierarchy_level3": "Italian Dressing",
  "producthierarchy_level4": "",
  "producthierarchy_level5": "",
  "producthierarchy_level6": "",
  "producthierarchy_level7": "",
  "currency": "Swiss franc",
  "file_name_1": "5100480_1.jpg",
  "image_url_1": "https://sortiment.lidl.ch/media/catalog/product/cache/38c728e59b3a47950872534eff8a1e63/5/1/5100480_PSXX_1.jpg"
},
{
  "_id": {
    "$oid": "66f3a816d23ade1eec55fe2d"
  },
  "unique_id": "2470",
  "product_name": "French Dressing mit Kräutern",
  "brand": "Chef Select & You",
  "regular_price": 1.99,
  "selling_price": 1.59,
  "price_per_unit": "pro 1l",
  "breadcrumb": "Sortiment > Sortiment > French Dressing mit Kräutern",
  "pdp_url": "https://sortiment.lidl.ch/de/french-dressing-mit-kraeutern-0002470",
  "product_description": "Artikelnr.: 2470",
  "producthierarchy_level1": "Sortiment",
  "producthierarchy_level2": "Sortiment",
  "producthierarchy_level3": "French Dressing mit Kräutern",
  "producthierarchy_level4": "",
  "producthierarchy_level5": "",
  "producthierarchy_level6": "",
  "producthierarchy_level7": "",
  "currency": "Swiss franc",
  "file_name_1": "2470_1.jpg",
  "image_url_1": "https://sortiment.lidl.ch/media/amasty/amoptmobile/catalog/product/cache/38c728e59b3a47950872534eff8a1e63/2/4/2470_FrenchKraeuter_PSXX_1.jpg"
},
{
  "_id": {
    "$oid": "66f3a817d23ade1eec55fe2e"
  },
  "unique_id": "116232",
  "product_name": "ASC Forellenfilet geräuchert",
  "brand": "nautica",
  "regular_price": 2.95,
  "selling_price": 2.95,
  "price_per_unit": "pro 125g | 100g = 2.36 CHF",
  "breadcrumb": "Sortiment > Sortiment > ASC Forellenfilet geräuchert",
  "pdp_url": "https://sortiment.lidl.ch/de/asc-forellenfilet-geraeuchert-0116232",
  "product_description": "Artikelnr.: 116232",
  "producthierarchy_level1": "Sortiment",
  "producthierarchy_level2": "Sortiment",
  "producthierarchy_level3": "ASC Forellenfilet geräuchert",
  "producthierarchy_level4": "",
  "producthierarchy_level5": "",
  "producthierarchy_level6": "",
  "producthierarchy_level7": "",
  "currency": "Swiss franc",
  "file_name_1": "116232_1.jpg",
  "image_url_1": "https://sortiment.lidl.ch/media/catalog/product/cache/38c728e59b3a47950872534eff8a1e63/1/1/116232_Nature_PSXX_1.jpg",
  "file_name_2": "116232_2.jpg",
  "image_url_2": "https://sortiment.lidl.ch/media/catalog/product/cache/38c728e59b3a47950872534eff8a1e63/1/1/116232_Pfeffer_PSXX.jpg"
},
{
  "_id": {
    "$oid": "66f3a818d23ade1eec55fe2f"
  },
  "unique_id": "115931",
  "product_name": "ASC Stremel-Lachs",
  "brand": "nautica",
  "regular_price": 3.95,
  "selling_price": 3.95,
  "price_per_unit": "pro 125g | 100g = 3.16 CHF",
  "breadcrumb": "Sortiment > Sortiment > ASC Stremel-Lachs",
  "pdp_url": "https://sortiment.lidl.ch/de/asc-stremel-lachs-0115931",
  "product_description": "Artikelnr.: 115931",
  "producthierarchy_level1": "Sortiment",
  "producthierarchy_level2": "Sortiment",
  "producthierarchy_level3": "ASC Stremel-Lachs",
  "producthierarchy_level4": "",
  "producthierarchy_level5": "",
  "producthierarchy_level6": "",
  "producthierarchy_level7": "",
  "currency": "Swiss franc",
  "file_name_1": "115931_1.jpg",
  "image_url_1": "https://sortiment.lidl.ch/media/catalog/product/cache/38c728e59b3a47950872534eff8a1e63/1/1/115931_Classic_PSXX_1.jpg",
  "file_name_2": "115931_2.jpg",
  "image_url_2": "https://sortiment.lidl.ch/media/catalog/product/cache/38c728e59b3a47950872534eff8a1e63/1/1/115931_Pfeffer_PSXX.jpg"
},
{
  "_id": {
    "$oid": "66f3a819d23ade1eec55fe30"
  },
  "unique_id": "138120",
  "product_name": "ASC Lachsforelle",
  "brand": "nautica",
  "regular_price": 3.49,
  "selling_price": 3.49,
  "price_per_unit": "pro 100g",
  "breadcrumb": "Sortiment > Sortiment > ASC Lachsforelle",
  "pdp_url": "https://sortiment.lidl.ch/de/asc-lachsforelle-0138120",
  "product_description": "Artikelnr.: 138120",
  "producthierarchy_level1": "Sortiment",
  "producthierarchy_level2": "Sortiment",
  "producthierarchy_level3": "ASC Lachsforelle",
  "producthierarchy_level4": "",
  "producthierarchy_level5": "",
  "producthierarchy_level6": "",
  "producthierarchy_level7": "",
  "currency": "Swiss franc",
  "file_name_1": "138120_1.jpg",
  "image_url_1": "https://sortiment.lidl.ch/media/catalog/product/cache/38c728e59b3a47950872534eff8a1e63/1/3/138120_PSXX.jpg"
},
{
  "_id": {
    "$oid": "66f3a81bd23ade1eec55fe31"
  },
  "unique_id": "116536",
  "product_name": "ASC Norwegischer Rauchlachs",
  "brand": "nautica",
  "regular_price": 4.95,
  "selling_price": 4.95,
  "price_per_unit": "pro 200g | 100g = 2.48 CHF",
  "breadcrumb": "Sortiment > Sortiment > ASC Norwegischer Rauchlachs",
  "pdp_url": "https://sortiment.lidl.ch/de/asc-norwegischer-rauchlachs-0116536",
  "product_description": "Artikelnr.: 116536",
  "producthierarchy_level1": "Sortiment",
  "producthierarchy_level2": "Sortiment",
  "producthierarchy_level3": "ASC Norwegischer Rauchlachs",
  "producthierarchy_level4": "",
  "producthierarchy_level5": "",
  "producthierarchy_level6": "",
  "producthierarchy_level7": "",
  "currency": "Swiss franc",
  "file_name_1": "116536_1.jpg",
  "image_url_1": "https://sortiment.lidl.ch/media/amasty/amoptmobile/catalog/product/cache/38c728e59b3a47950872534eff8a1e63/1/1/116536_FKBF.jpg",
  "file_name_2": "116536_2.jpg",
  "image_url_2": "https://sortiment.lidl.ch/media/catalog/product/cache/38c728e59b3a47950872534eff8a1e63/1/1/116536_PSXX.jpg"
},
{
  "_id": {
    "$oid": "66f3a81cd23ade1eec55fe32"
  },
  "unique_id": "88225",
  "product_name": "Bio Räucherlachs",
  "brand": "nautica",
  "regular_price": 4.49,
  "selling_price": 4.49,
  "price_per_unit": "pro 100g",
  "breadcrumb": "Sortiment > Sortiment > Bio Räucherlachs",
  "pdp_url": "https://sortiment.lidl.ch/de/bio-raeucherlachs-0088225",
  "product_description": "Artikelnr.: 88225",
  "producthierarchy_level1": "Sortiment",
  "producthierarchy_level2": "Sortiment",
  "producthierarchy_level3": "Bio Räucherlachs",
  "producthierarchy_level4": "",
  "producthierarchy_level5": "",
  "producthierarchy_level6": "",
  "producthierarchy_level7": "",
  "currency": "Swiss franc",
  "file_name_1": "88225_1.jpg",
  "image_url_1": "https://sortiment.lidl.ch/media/catalog/product/cache/38c728e59b3a47950872534eff8a1e63/8/8/88225_PSXX.jpg"
},
{
  "_id": {
    "$oid": "66f3a81dd23ade1eec55fe33"
  },
  "unique_id": "63452",
  "product_name": "MSC Alaska Wildlachs Sockeye",
  "brand": "Deluxe",
  "regular_price": 4.49,
  "selling_price": 4.49,
  "price_per_unit": "pro 100g",
  "breadcrumb": "Sortiment > Sortiment > MSC Alaska Wildlachs Sockeye",
  "pdp_url": "https://sortiment.lidl.ch/de/msc-alaska-wildlachs-sockeye-0063452",
  "product_description": "Artikelnr.: 63452",
  "producthierarchy_level1": "Sortiment",
  "producthierarchy_level2": "Sortiment",
  "producthierarchy_level3": "MSC Alaska Wildlachs Sockeye",
  "producthierarchy_level4": "",
  "producthierarchy_level5": "",
  "producthierarchy_level6": "",
  "producthierarchy_level7": "",
  "currency": "Swiss franc",
  "file_name_1": "63452_1.jpg",
  "image_url_1": "https://sortiment.lidl.ch/media/catalog/product/cache/38c728e59b3a47950872534eff8a1e63/6/3/63452_FKBF.jpg",
  "file_name_2": "63452_2.jpg",
  "image_url_2": "https://sortiment.lidl.ch/media/catalog/product/cache/38c728e59b3a47950872534eff8a1e63/6/3/63452_PSXX.jpg"
},
{
  "_id": {
    "$oid": "66f3a81ed23ade1eec55fe34"
  },
  "unique_id": "5104987",
  "product_name": "Spinatspätzli",
  "brand": "Chef Select",
  "regular_price": 2.99,
  "selling_price": 2.99,
  "price_per_unit": "pro 500g | 100g = 0.60 CHF",
  "breadcrumb": "Sortiment > Sortiment > Spinatspätzli",
  "pdp_url": "https://sortiment.lidl.ch/de/spinatspaetzli-5104987",
  "product_description": "Artikelnr.: 5104987",
  "producthierarchy_level1": "Sortiment",
  "producthierarchy_level2": "Sortiment",
  "producthierarchy_level3": "Spinatspätzli",
  "producthierarchy_level4": "",
  "producthierarchy_level5": "",
  "producthierarchy_level6": "",
  "producthierarchy_level7": "",
  "currency": "Swiss franc",
  "file_name_1": "5104987_1.jpg",
  "image_url_1": "https://sortiment.lidl.ch/media/catalog/product/cache/38c728e59b3a47950872534eff8a1e63/5/1/5104987_PSXX.jpg"
},
{
  "_id": {
    "$oid": "66f3a81fd23ade1eec55fe35"
  },
  "unique_id": "7706944",
  "product_name": "Kuchenteig",
  "brand": "Chef Select & You",
  "regular_price": 1.25,
  "selling_price": 1.25,
  "price_per_unit": "pro 300g | 100g = 0.42 CHF",
  "breadcrumb": "Sortiment > Sortiment > Kuchenteig",
  "pdp_url": "https://sortiment.lidl.ch/de/kuchenteig-7706944",
  "product_description": "Artikelnr.: 7706944",
  "producthierarchy_level1": "Sortiment",
  "producthierarchy_level2": "Sortiment",
  "producthierarchy_level3": "Kuchenteig",
  "producthierarchy_level4": "",
  "producthierarchy_level5": "",
  "producthierarchy_level6": "",
  "producthierarchy_level7": "",
  "currency": "Swiss franc",
  "file_name_1": "7706944_1.jpg",
  "image_url_1": "https://sortiment.lidl.ch/media/catalog/product/cache/38c728e59b3a47950872534eff8a1e63/7/7/7706944_Kuchenteig_PSXX.jpg",
  "file_name_2": "7706944_2.jpg",
  "image_url_2": "https://sortiment.lidl.ch/media/catalog/product/cache/38c728e59b3a47950872534eff8a1e63/7/7/7706944_Muerbeteig_PSXX.jpg"
},
{
  "_id": {
    "$oid": "66f3a820d23ade1eec55fe36"
  },
  "unique_id": "143578",
  "product_name": "Frische Tortelloni",
  "brand": "Chef Select",
  "regular_price": 1.79,
  "selling_price": 1.79,
  "price_per_unit": "pro 400g | 100g = 0.45 CHF",
  "breadcrumb": "Sortiment > Sortiment > Frische Tortelloni",
  "pdp_url": "https://sortiment.lidl.ch/de/frische-tortelloni-0143578",
  "product_description": "Artikelnr.: 143578",
  "producthierarchy_level1": "Sortiment",
  "producthierarchy_level2": "Sortiment",
  "producthierarchy_level3": "Frische Tortelloni",
  "producthierarchy_level4": "",
  "producthierarchy_level5": "",
  "producthierarchy_level6": "",
  "producthierarchy_level7": "",
  "currency": "Swiss franc",
  "file_name_1": "143578_1.jpg",
  "image_url_1": "https://sortiment.lidl.ch/media/catalog/product/cache/38c728e59b3a47950872534eff8a1e63/1/4/143578_Fleisch_PSXX.jpg",
  "file_name_2": "143578_2.jpg",
  "image_url_2": "https://sortiment.lidl.ch/media/catalog/product/cache/38c728e59b3a47950872534eff8a1e63/1/4/143578_Spinat_PSXX.jpg"
},
{
  "_id": {
    "$oid": "66f3a822d23ade1eec55fe37"
  },
  "unique_id": "11503",
  "product_name": "Teigwaren",
  "brand": "Chef Select",
  "regular_price": 1.85,
  "selling_price": 1.45,
  "price_per_unit": "pro 500g | LP 100g = 0.29 CHF",
  "breadcrumb": "Sortiment > Sortiment > Teigwaren",
  "pdp_url": "https://sortiment.lidl.ch/de/teigwaren-0011503",
  "product_description": "Artikelnr.: 11503",
  "producthierarchy_level1": "Sortiment",
  "producthierarchy_level2": "Sortiment",
  "producthierarchy_level3": "Teigwaren",
  "producthierarchy_level4": "",
  "producthierarchy_level5": "",
  "producthierarchy_level6": "",
  "producthierarchy_level7": "",
  "currency": "Swiss franc",
  "file_name_1": "11503_1.jpg",
  "image_url_1": "https://sortiment.lidl.ch/media/catalog/product/cache/38c728e59b3a47950872534eff8a1e63/1/1/11503_Knoepfle_PSXX_1.jpg",
  "file_name_2": "11503_2.jpg",
  "image_url_2": "https://sortiment.lidl.ch/media/catalog/product/cache/38c728e59b3a47950872534eff8a1e63/1/1/11503_Schupfnudeln_PSXX.jpg",
  "file_name_3": "11503_3.jpg",
  "image_url_3": "https://sortiment.lidl.ch/media/catalog/product/cache/38c728e59b3a47950872534eff8a1e63/1/1/11503_Spaetzle_PSXX.jpg"
},
{
  "_id": {
    "$oid": "66f3a823d23ade1eec55fe38"
  },
  "unique_id": "7701096",
  "product_name": "Bürger Schwäbische Maultaschen",
  "brand": "Bürger",
  "regular_price": 2.99,
  "selling_price": 2.99,
  "price_per_unit": "pro 300g, 360g | 100g = 1.00, 0.84 CHF",
  "breadcrumb": "Sortiment > Sortiment > Bürger Schwäbische Maultaschen",
  "pdp_url": "https://sortiment.lidl.ch/de/buerger-schwaebische-maultaschen-7701096",
  "product_description": "Artikelnr.: 7701096",
  "producthierarchy_level1": "Sortiment",
  "producthierarchy_level2": "Sortiment",
  "producthierarchy_level3": "Bürger Schwäbische Maultaschen",
  "producthierarchy_level4": "",
  "producthierarchy_level5": "",
  "producthierarchy_level6": "",
  "producthierarchy_level7": "",
  "currency": "Swiss franc",
  "file_name_1": "7701096_1.jpg",
  "image_url_1": "https://sortiment.lidl.ch/media/catalog/product/cache/38c728e59b3a47950872534eff8a1e63/7/7/7701096_Frischkaese_PSXX_1.jpg",
  "file_name_2": "7701096_2.jpg",
  "image_url_2": "https://sortiment.lidl.ch/media/catalog/product/cache/38c728e59b3a47950872534eff8a1e63/7/7/7701096_Gemuese_PSXX_1.jpg",
  "file_name_3": "7701096_3.jpg",
  "image_url_3": "https://sortiment.lidl.ch/media/catalog/product/cache/38c728e59b3a47950872534eff8a1e63/7/7/7701096_Rindfleisch_PSXX_1.jpg",
  "file_name_4": "7701096_4.jpg",
  "image_url_4": "https://sortiment.lidl.ch/media/catalog/product/cache/38c728e59b3a47950872534eff8a1e63/7/7/7701096_Traditionell_PSXX_1.jpg"
},
{
  "_id": {
    "$oid": "66f3a824d23ade1eec55fe39"
  },
  "unique_id": "139799",
  "product_name": "Premium Pasta Rohschinken",
  "brand": "Baresa",
  "regular_price": 2.95,
  "selling_price": 2.95,
  "price_per_unit": "pro 250g | 100g = 1.18 CHF",
  "breadcrumb": "Sortiment > Sortiment > Premium Pasta Rohschinken",
  "pdp_url": "https://sortiment.lidl.ch/de/premium-pasta-rohschinken-0139799",
  "product_description": "Artikelnr.: 139799",
  "producthierarchy_level1": "Sortiment",
  "producthierarchy_level2": "Sortiment",
  "producthierarchy_level3": "Premium Pasta Rohschinken",
  "producthierarchy_level4": "",
  "producthierarchy_level5": "",
  "producthierarchy_level6": "",
  "producthierarchy_level7": "",
  "currency": "Swiss franc",
  "file_name_1": "139799_1.jpg",
  "image_url_1": "https://sortiment.lidl.ch/media/catalog/product/cache/38c728e59b3a47950872534eff8a1e63/1/3/139799_PSXX.jpg"
},
{
  "_id": {
    "$oid": "66f3a826d23ade1eec55fe3a"
  },
  "unique_id": "139798",
  "product_name": "Premium Pasta Steinpilze",
  "brand": "Baresa",
  "regular_price": 2.95,
  "selling_price": 2.95,
  "price_per_unit": "pro 250g | 100g = 1.18 CHF",
  "breadcrumb": "Sortiment > Sortiment > Premium Pasta Steinpilze",
  "pdp_url": "https://sortiment.lidl.ch/de/premium-pasta-steinpilze-0139798",
  "product_description": "Artikelnr.: 139798",
  "producthierarchy_level1": "Sortiment",
  "producthierarchy_level2": "Sortiment",
  "producthierarchy_level3": "Premium Pasta Steinpilze",
  "producthierarchy_level4": "",
  "producthierarchy_level5": "",
  "producthierarchy_level6": "",
  "producthierarchy_level7": "",
  "currency": "Swiss franc",
  "file_name_1": "139798_1.jpg",
  "image_url_1": "https://sortiment.lidl.ch/media/catalog/product/cache/38c728e59b3a47950872534eff8a1e63/1/3/139798_PSXX.jpg"
},
{
  "_id": {
    "$oid": "66f3a827d23ade1eec55fe3b"
  },
  "unique_id": "139797",
  "product_name": "Premium Pasta Ricotta und Spinat",
  "brand": "Baresa",
  "regular_price": 2.95,
  "selling_price": 2.95,
  "price_per_unit": "pro 250g | 100g = 1.18 CHF",
  "breadcrumb": "Sortiment > Sortiment > Premium Pasta Ricotta und Spinat",
  "pdp_url": "https://sortiment.lidl.ch/de/premium-pasta-ricotta-und-spinat-0139797",
  "product_description": "Artikelnr.: 139797",
  "producthierarchy_level1": "Sortiment",
  "producthierarchy_level2": "Sortiment",
  "producthierarchy_level3": "Premium Pasta Ricotta und Spinat",
  "producthierarchy_level4": "",
  "producthierarchy_level5": "",
  "producthierarchy_level6": "",
  "producthierarchy_level7": "",
  "currency": "Swiss franc",
  "file_name_1": "139797_1.jpg",
  "image_url_1": "https://sortiment.lidl.ch/media/catalog/product/cache/38c728e59b3a47950872534eff8a1e63/1/3/139797_PSXX.jpg"
},
{
  "_id": {
    "$oid": "66f3a829d23ade1eec55fe3c"
  },
  "unique_id": "139796",
  "product_name": "Premium Tortelloni Basilikumpesto",
  "brand": "Chef Select",
  "regular_price": 2.95,
  "selling_price": 2.95,
  "price_per_unit": "pro 250g | 100g = 1.18 CHF",
  "breadcrumb": "Sortiment > Sortiment > Premium Tortelloni Basilikumpesto",
  "pdp_url": "https://sortiment.lidl.ch/de/premium-tortelloni-basilikumpesto-0139796",
  "product_description": "Artikelnr.: 139796",
  "producthierarchy_level1": "Sortiment",
  "producthierarchy_level2": "Sortiment",
  "producthierarchy_level3": "Premium Tortelloni Basilikumpesto",
  "producthierarchy_level4": "",
  "producthierarchy_level5": "",
  "producthierarchy_level6": "",
  "producthierarchy_level7": "",
  "currency": "Swiss franc",
  "file_name_1": "139796_1.jpg",
  "image_url_1": "https://sortiment.lidl.ch/media/catalog/product/cache/38c728e59b3a47950872534eff8a1e63/1/3/139796_PSXX.jpg"
},
{
  "_id": {
    "$oid": "66f3a82ad23ade1eec55fe3d"
  },
  "unique_id": "31773",
  "product_name": "Eierspätzli",
  "brand": "Chef Select",
  "regular_price": 1.85,
  "selling_price": 1.85,
  "price_per_unit": "pro 500g | 100g = 0.37 CHF",
  "breadcrumb": "Sortiment > Sortiment > Eierspätzli",
  "pdp_url": "https://sortiment.lidl.ch/de/eierspaetzli-0031773",
  "product_description": "Artikelnr.: 31773",
  "producthierarchy_level1": "Sortiment",
  "producthierarchy_level2": "Sortiment",
  "producthierarchy_level3": "Eierspätzli",
  "producthierarchy_level4": "",
  "producthierarchy_level5": "",
  "producthierarchy_level6": "",
  "producthierarchy_level7": "",
  "currency": "Swiss franc",
  "file_name_1": "31773_1.jpg",
  "image_url_1": "https://sortiment.lidl.ch/media/catalog/product/cache/38c728e59b3a47950872534eff8a1e63/3/1/31773_PSXX.jpg"
},
{
  "_id": {
    "$oid": "66f3a82cd23ade1eec55fe3e"
  },
  "unique_id": "85644",
  "product_name": "Traditionelle Fertiggerichte",
  "brand": "Chef Select",
  "regular_price": 2.55,
  "selling_price": 2.55,
  "price_per_unit": "pro 350g | 100g = 0.73 CHF",
  "breadcrumb": "Sortiment > Sortiment > Traditionelle Fertiggerichte",
  "pdp_url": "https://sortiment.lidl.ch/de/traditionelle-fertiggerichte-0085644",
  "product_description": "Artikelnr.: 85644",
  "producthierarchy_level1": "Sortiment",
  "producthierarchy_level2": "Sortiment",
  "producthierarchy_level3": "Traditionelle Fertiggerichte",
  "producthierarchy_level4": "",
  "producthierarchy_level5": "",
  "producthierarchy_level6": "",
  "producthierarchy_level7": "",
  "currency": "Swiss franc",
  "file_name_1": "85644_1.jpg",
  "image_url_1": "https://sortiment.lidl.ch/media/catalog/product/cache/38c728e59b3a47950872534eff8a1e63/8/5/85644_AelplerMagronen_PSXX_1.jpg",
  "file_name_2": "85644_2.jpg",
  "image_url_2": "https://sortiment.lidl.ch/media/catalog/product/cache/38c728e59b3a47950872534eff8a1e63/8/5/85644_GehacktesHoernli_PSXX_1.jpg"
},
{
  "_id": {
    "$oid": "66f3a82dd23ade1eec55fe3f"
  },
  "unique_id": "28492",
  "product_name": "Pizza",
  "brand": "Chef Select",
  "regular_price": 2.99,
  "selling_price": 2.99,
  "price_per_unit": "pro 430g | 100g = 0.70 CHF",
  "breadcrumb": "Sortiment > Sortiment > Pizza",
  "pdp_url": "https://sortiment.lidl.ch/de/pizza-0028492",
  "product_description": "Artikelnr.: 28492",
  "producthierarchy_level1": "Sortiment",
  "producthierarchy_level2": "Sortiment",
  "producthierarchy_level3": "Pizza",
  "producthierarchy_level4": "",
  "producthierarchy_level5": "",
  "producthierarchy_level6": "",
  "producthierarchy_level7": "",
  "currency": "Swiss franc",
  "file_name_1": "28492_1.jpg",
  "image_url_1": "https://sortiment.lidl.ch/media/catalog/product/cache/38c728e59b3a47950872534eff8a1e63/2/8/28492_Prosciutto_PSXX_1.jpg",
  "file_name_2": "28492_2.jpg",
  "image_url_2": "https://sortiment.lidl.ch/media/catalog/product/cache/38c728e59b3a47950872534eff8a1e63/2/8/28492_Salami_PSXX.jpg"
},
{
  "_id": {
    "$oid": "66f3a82ed23ade1eec55fe40"
  },
  "unique_id": "2491",
  "product_name": "Weggli",
  "brand": "Chef Select",
  "regular_price": 1.69,
  "selling_price": 1.69,
  "price_per_unit": "pro 120g, 125g | 100g = 1.41, 1.36 CHF",
  "breadcrumb": "Sortiment > Sortiment > Weggli",
  "pdp_url": "https://sortiment.lidl.ch/de/weggli-0002491",
  "product_description": "Artikelnr.: 2491",
  "producthierarchy_level1": "Sortiment",
  "producthierarchy_level2": "Sortiment",
  "producthierarchy_level3": "Weggli",
  "producthierarchy_level4": "",
  "producthierarchy_level5": "",
  "producthierarchy_level6": "",
  "producthierarchy_level7": "",
  "currency": "Swiss franc",
  "file_name_1": "2491_1.jpg",
  "image_url_1": "https://sortiment.lidl.ch/media/catalog/product/cache/38c728e59b3a47950872534eff8a1e63/2/4/2491_ChefSelect_Lyoner_PSXX.jpg",
  "file_name_2": "2491_2.jpg",
  "image_url_2": "https://sortiment.lidl.ch/media/catalog/product/cache/38c728e59b3a47950872534eff8a1e63/2/4/2491_ChefSelect_Thon_PSXX.jpg"
},
{
  "_id": {
    "$oid": "66f3a82fd23ade1eec55fe41"
  },
  "unique_id": "5107830",
  "product_name": "Premium Burger",
  "brand": "Chef Select",
  "regular_price": 4.95,
  "selling_price": 4.95,
  "price_per_unit": "pro 226g, 233g, 245g | 100g = 2.20, 2.13, 2.03 CHF",
  "breadcrumb": "Sortiment > Sortiment > Premium Burger",
  "pdp_url": "https://sortiment.lidl.ch/de/premium-burger-5107830",
  "product_description": "Artikelnr.: 5107830",
  "producthierarchy_level1": "Sortiment",
  "producthierarchy_level2": "Sortiment",
  "producthierarchy_level3": "Premium Burger",
  "producthierarchy_level4": "",
  "producthierarchy_level5": "",
  "producthierarchy_level6": "",
  "producthierarchy_level7": "",
  "currency": "Swiss franc",
  "file_name_1": "5107830_1.jpg",
  "image_url_1": "https://sortiment.lidl.ch/media/catalog/product/cache/38c728e59b3a47950872534eff8a1e63/5/1/5107830_Cheese_PSXX.jpg",
  "file_name_2": "5107830_2.jpg",
  "image_url_2": "https://sortiment.lidl.ch/media/catalog/product/cache/38c728e59b3a47950872534eff8a1e63/5/1/5107830_Chicken_PSXX.jpg",
  "file_name_3": "5107830_3.jpg",
  "image_url_3": "https://sortiment.lidl.ch/media/catalog/product/cache/38c728e59b3a47950872534eff8a1e63/5/1/5107830_Classic_PSXX.jpg"
},
{
  "_id": {
    "$oid": "66f3a830d23ade1eec55fe42"
  },
  "unique_id": "106511",
  "product_name": "Focaccia",
  "brand": "Chef Select",
  "regular_price": 2.99,
  "selling_price": 2.99,
  "price_per_unit": "pro 300g | 100g = 1.00 CHF",
  "breadcrumb": "Sortiment > Sortiment > Focaccia",
  "pdp_url": "https://sortiment.lidl.ch/de/focaccia-0106511",
  "product_description": "Artikelnr.: 106511",
  "producthierarchy_level1": "Sortiment",
  "producthierarchy_level2": "Sortiment",
  "producthierarchy_level3": "Focaccia",
  "producthierarchy_level4": "",
  "producthierarchy_level5": "",
  "producthierarchy_level6": "",
  "producthierarchy_level7": "",
  "currency": "Swiss franc",
  "file_name_1": "106511_1.jpg",
  "image_url_1": "https://sortiment.lidl.ch/media/catalog/product/cache/38c728e59b3a47950872534eff8a1e63/1/0/106511_Kraeuter_PSXX.jpg",
  "file_name_2": "106511_2.jpg",
  "image_url_2": "https://sortiment.lidl.ch/media/catalog/product/cache/38c728e59b3a47950872534eff8a1e63/1/0/106511_Tomate_PSXX.jpg"
},
{
  "_id": {
    "$oid": "66f3a831d23ade1eec55fe43"
  },
  "unique_id": "106375",
  "product_name": "Red Thai Curry / Exotic Curry",
  "brand": "Chef Select",
  "regular_price": 3.29,
  "selling_price": 3.29,
  "price_per_unit": "pro 350g | 100g = 0.94 CHF",
  "breadcrumb": "Sortiment > Sortiment > Red Thai Curry / Exotic Curry",
  "pdp_url": "https://sortiment.lidl.ch/de/red-thai-curry-exotic-curry-0106375",
  "product_description": "Artikelnr.: 106375",
  "producthierarchy_level1": "Sortiment",
  "producthierarchy_level2": "Sortiment",
  "producthierarchy_level3": "Red Thai Curry / Exotic Curry",
  "producthierarchy_level4": "",
  "producthierarchy_level5": "",
  "producthierarchy_level6": "",
  "producthierarchy_level7": "",
  "currency": "Swiss franc",
  "file_name_1": "106375_1.jpg",
  "image_url_1": "https://sortiment.lidl.ch/media/catalog/product/cache/38c728e59b3a47950872534eff8a1e63/1/0/106375_RizCasimir_PSXX.jpg",
  "file_name_2": "106375_2.jpg",
  "image_url_2": "https://sortiment.lidl.ch/media/catalog/product/cache/38c728e59b3a47950872534eff8a1e63/1/0/106375_chicken_PSXX_1.jpg",
  "file_name_3": "106375_3.jpg",
  "image_url_3": "https://sortiment.lidl.ch/media/catalog/product/cache/38c728e59b3a47950872534eff8a1e63/1/0/106375_thaichicken_PSXX_1.jpg"
},
{
  "_id": {
    "$oid": "66f3a832d23ade1eec55fe44"
  },
  "unique_id": "55851",
  "product_name": "Baguette",
  "brand": "Chef Select",
  "regular_price": 0.99,
  "selling_price": 0.99,
  "price_per_unit": "pro 175g | 100g = 0.57 CHF",
  "breadcrumb": "Sortiment > Sortiment > Baguette",
  "pdp_url": "https://sortiment.lidl.ch/de/baguette-0055851",
  "product_description": "Artikelnr.: 55851",
  "producthierarchy_level1": "Sortiment",
  "producthierarchy_level2": "Sortiment",
  "producthierarchy_level3": "Baguette",
  "producthierarchy_level4": "",
  "producthierarchy_level5": "",
  "producthierarchy_level6": "",
  "producthierarchy_level7": "",
  "currency": "Swiss franc",
  "file_name_1": "55851_1.jpg",
  "image_url_1": "https://sortiment.lidl.ch/media/catalog/product/cache/38c728e59b3a47950872534eff8a1e63/5/5/55851_Knoblauch_PSXX.jpg",
  "file_name_2": "55851_2.jpg",
  "image_url_2": "https://sortiment.lidl.ch/media/catalog/product/cache/38c728e59b3a47950872534eff8a1e63/5/5/55851_Kraeuter_PSXX.jpg"
},
{
  "_id": {
    "$oid": "66f3a833d23ade1eec55fe45"
  },
  "unique_id": "135160",
  "product_name": "Lasagne / Makkaroniauflauf",
  "brand": "Chef Select",
  "regular_price": 2.99,
  "selling_price": 2.99,
  "price_per_unit": "pro 400g | 100g = 0.75 CHF",
  "breadcrumb": "Sortiment > Sortiment > Lasagne / Makkaroniauflauf",
  "pdp_url": "https://sortiment.lidl.ch/de/lasagne-makkaroniauflauf-0135160",
  "product_description": "Artikelnr.: 135160",
  "producthierarchy_level1": "Sortiment",
  "producthierarchy_level2": "Sortiment",
  "producthierarchy_level3": "Lasagne / Makkaroniauflauf",
  "producthierarchy_level4": "",
  "producthierarchy_level5": "",
  "producthierarchy_level6": "",
  "producthierarchy_level7": "",
  "currency": "Swiss franc",
  "file_name_1": "135160_1.jpg",
  "image_url_1": "https://sortiment.lidl.ch/media/catalog/product/cache/38c728e59b3a47950872534eff8a1e63/1/3/135160_Bolognese_PSXX.jpg",
  "file_name_2": "135160_2.jpg",
  "image_url_2": "https://sortiment.lidl.ch/media/catalog/product/cache/38c728e59b3a47950872534eff8a1e63/1/3/135160_Makkaroni_PSXX.jpg"
},
{
  "_id": {
    "$oid": "66f3a834d23ade1eec55fe46"
  },
  "unique_id": "85237",
  "product_name": "Asiatische Fertiggerichte",
  "brand": "Chef Select",
  "regular_price": 3.29,
  "selling_price": 3.29,
  "price_per_unit": "pro 350g | 100g = 0.94 CHF",
  "breadcrumb": "Sortiment > Sortiment > Asiatische Fertiggerichte",
  "pdp_url": "https://sortiment.lidl.ch/de/asiatische-fertiggerichte-0085237",
  "product_description": "Artikelnr.: 85237",
  "producthierarchy_level1": "Sortiment",
  "producthierarchy_level2": "Sortiment",
  "producthierarchy_level3": "Asiatische Fertiggerichte",
  "producthierarchy_level4": "",
  "producthierarchy_level5": "",
  "producthierarchy_level6": "",
  "producthierarchy_level7": "",
  "currency": "Swiss franc",
  "file_name_1": "85237_1.jpg",
  "image_url_1": "https://sortiment.lidl.ch/media/catalog/product/cache/38c728e59b3a47950872534eff8a1e63/8/5/85237_BamiGoreng_PSXX_1.jpg",
  "file_name_2": "85237_2.jpg",
  "image_url_2": "https://sortiment.lidl.ch/media/catalog/product/cache/38c728e59b3a47950872534eff8a1e63/8/5/85237_NasiGoreng_PSXX.jpg"
},
{
  "_id": {
    "$oid": "66f3a835d23ade1eec55fe47"
  },
  "unique_id": "10315",
  "product_name": "Lasagne Bolognese",
  "brand": "Chef Select",
  "regular_price": 5.59,
  "selling_price": 5.59,
  "price_per_unit": "pro 1kg",
  "breadcrumb": "Sortiment > Sortiment > Lasagne Bolognese",
  "pdp_url": "https://sortiment.lidl.ch/de/lasagne-bolognese-0010315",
  "product_description": "Artikelnr.: 10315",
  "producthierarchy_level1": "Sortiment",
  "producthierarchy_level2": "Sortiment",
  "producthierarchy_level3": "Lasagne Bolognese",
  "producthierarchy_level4": "",
  "producthierarchy_level5": "",
  "producthierarchy_level6": "",
  "producthierarchy_level7": "",
  "currency": "Swiss franc",
  "file_name_1": "10315_1.jpg",
  "image_url_1": "https://sortiment.lidl.ch/media/catalog/product/cache/38c728e59b3a47950872534eff8a1e63/1/0/10315_PSXX.jpg"
},
{
  "_id": {
    "$oid": "66f3a836d23ade1eec55fe48"
  },
  "unique_id": "2929",
  "product_name": "Elsässer Flammkuchen",
  "brand": "Chef Select",
  "regular_price": 2.69,
  "selling_price": 2.69,
  "price_per_unit": "pro 350g | 100g = 0.77 CHF",
  "breadcrumb": "Sortiment > Sortiment > Elsässer Flammkuchen",
  "pdp_url": "https://sortiment.lidl.ch/de/elsaesser-flammkuchen-0002929",
  "product_description": "Artikelnr.: 2929",
  "producthierarchy_level1": "Sortiment",
  "producthierarchy_level2": "Sortiment",
  "producthierarchy_level3": "Elsässer Flammkuchen",
  "producthierarchy_level4": "",
  "producthierarchy_level5": "",
  "producthierarchy_level6": "",
  "producthierarchy_level7": "",
  "currency": "Swiss franc",
  "file_name_1": "2929_1.jpg",
  "image_url_1": "https://sortiment.lidl.ch/media/catalog/product/cache/38c728e59b3a47950872534eff8a1e63/2/9/2929_PSXX_1.jpg"
},
{
  "_id": {
    "$oid": "66f3a837d23ade1eec55fe49"
  },
  "unique_id": "119137",
  "product_name": "Bulgur Salate",
  "brand": "Chef Select",
  "regular_price": 1.99,
  "selling_price": 1.99,
  "price_per_unit": "pro 200g, 250g | 100g = 1.00, 0.80 CHF",
  "breadcrumb": "Sortiment > Sortiment > Bulgur Salate",
  "pdp_url": "https://sortiment.lidl.ch/de/bulgur-salate-0119137",
  "product_description": "Artikelnr.: 119137",
  "producthierarchy_level1": "Sortiment",
  "producthierarchy_level2": "Sortiment",
  "producthierarchy_level3": "Bulgur Salate",
  "producthierarchy_level4": "",
  "producthierarchy_level5": "",
  "producthierarchy_level6": "",
  "producthierarchy_level7": "",
  "currency": "Swiss franc",
  "file_name_1": "119137_1.jpg",
  "image_url_1": "https://sortiment.lidl.ch/media/catalog/product/cache/38c728e59b3a47950872534eff8a1e63/1/1/119137_Bulgur-Bohne-Olive_PSXX.jpg",
  "file_name_2": "119137_2.jpg",
  "image_url_2": "https://sortiment.lidl.ch/media/catalog/product/cache/38c728e59b3a47950872534eff8a1e63/1/1/119137_Bulgur-klassisch_PSXX.jpg",
  "file_name_3": "119137_3.jpg",
  "image_url_3": "https://sortiment.lidl.ch/media/catalog/product/cache/38c728e59b3a47950872534eff8a1e63/1/1/119137_Linsen-Bulgur_PSXX.jpg",
  "file_name_4": "119137_4.jpg",
  "image_url_4": "https://sortiment.lidl.ch/media/catalog/product/cache/38c728e59b3a47950872534eff8a1e63/1/1/119137_couscous_PSXX.jpg"
},
{
  "_id": {
    "$oid": "66f3a838d23ade1eec55fe4a"
  },
  "unique_id": "5107427",
  "product_name": "Frische Birchermüesli",
  "brand": "Chef Select",
  "regular_price": 2.99,
  "selling_price": 2.99,
  "price_per_unit": "pro 300g | 100g = 1.00 CHF",
  "breadcrumb": "Sortiment > Sortiment > Frische Birchermüesli",
  "pdp_url": "https://sortiment.lidl.ch/de/frische-birchermueesli-5107427",
  "product_description": "Artikelnr.: 5107427",
  "producthierarchy_level1": "Sortiment",
  "producthierarchy_level2": "Sortiment",
  "producthierarchy_level3": "Frische Birchermüesli",
  "producthierarchy_level4": "",
  "producthierarchy_level5": "",
  "producthierarchy_level6": "",
  "producthierarchy_level7": "",
  "currency": "Swiss franc",
  "file_name_1": "5107427_1.jpg",
  "image_url_1": "https://sortiment.lidl.ch/media/catalog/product/cache/38c728e59b3a47950872534eff8a1e63/5/1/5107427_Apfel_PSXX.jpg",
  "file_name_2": "5107427_2.jpg",
  "image_url_2": "https://sortiment.lidl.ch/media/catalog/product/cache/38c728e59b3a47950872534eff8a1e63/5/1/5107427_Beeren_PSXX.jpg",
  "file_name_3": "5107427_3.jpg",
  "image_url_3": "https://sortiment.lidl.ch/media/catalog/product/cache/38c728e59b3a47950872534eff8a1e63/5/1/5107427_Brombeeren_PSXX.jpg",
  "file_name_4": "5107427_4.jpg",
  "image_url_4": "https://sortiment.lidl.ch/media/catalog/product/cache/38c728e59b3a47950872534eff8a1e63/5/1/5107427_Exotic_PSXX_1.jpg",
  "file_name_5": "5107427_5.jpg",
  "image_url_5": "https://sortiment.lidl.ch/media/catalog/product/cache/38c728e59b3a47950872534eff8a1e63/5/1/5107427_Pfirsich_PSXX.jpg",
  "file_name_6": "5107427_6.jpg",
  "image_url_6": "https://sortiment.lidl.ch/media/catalog/product/cache/38c728e59b3a47950872534eff8a1e63/5/1/5107427_Sport-Classic_PSXX_1.jpg"
},
{
  "_id": {
    "$oid": "66f3a83ad23ade1eec55fe4b"
  },
  "unique_id": "5107420",
  "product_name": "Frische Beilagens",
  "brand": "Chef Select",
  "regular_price": 2.39,
  "selling_price": 2.39,
  "price_per_unit": "pro 210g, 300g | 100g = 1.14, 0.80 CHF",
  "breadcrumb": "Sortiment > Sortiment > Frische Beilagens",
  "pdp_url": "https://sortiment.lidl.ch/de/frische-beilagens-5107420",
  "product_description": "Artikelnr.: 5107420",
  "producthierarchy_level1": "Sortiment",
  "producthierarchy_level2": "Sortiment",
  "producthierarchy_level3": "Frische Beilagens",
  "producthierarchy_level4": "",
  "producthierarchy_level5": "",
  "producthierarchy_level6": "",
  "producthierarchy_level7": "",
  "currency": "Swiss franc",
  "file_name_1": "5107420_1.jpg",
  "image_url_1": "https://sortiment.lidl.ch/media/catalog/product/cache/38c728e59b3a47950872534eff8a1e63/5/1/5107420_Coleslaw_PSXX_1.jpg",
  "file_name_2": "5107420_2.jpg",
  "image_url_2": "https://sortiment.lidl.ch/media/catalog/product/cache/38c728e59b3a47950872534eff8a1e63/5/1/5107420_Ruebli_PSXX_1.jpg",
  "file_name_3": "5107420_3.jpg",
  "image_url_3": "https://sortiment.lidl.ch/media/catalog/product/cache/38c728e59b3a47950872534eff8a1e63/5/1/5107420_Sellerie_PSXX_1.jpg"
},
{
  "_id": {
    "$oid": "66f3a83bd23ade1eec55fe4c"
  },
  "unique_id": "2652",
  "product_name": "Black Angus Rindsfilet",
  "brand": "Carnesi",
  "regular_price": 5.49,
  "selling_price": 5.49,
  "price_per_unit": "pro 100g, ca. 160-200g",
  "breadcrumb": "Sortiment > Sortiment > Black Angus Rindsfilet",
  "pdp_url": "https://sortiment.lidl.ch/de/black-angus-rindsfilet-0002652",
  "product_description": "Artikelnr.: 2652",
  "producthierarchy_level1": "Sortiment",
  "producthierarchy_level2": "Sortiment",
  "producthierarchy_level3": "Black Angus Rindsfilet",
  "producthierarchy_level4": "",
  "producthierarchy_level5": "",
  "producthierarchy_level6": "",
  "producthierarchy_level7": "",
  "currency": "Swiss franc",
  "file_name_1": "2652_1.jpg",
  "image_url_1": "https://sortiment.lidl.ch/media/catalog/product/cache/38c728e59b3a47950872534eff8a1e63/2/6/2652_FKBF.jpg",
  "file_name_2": "2652_2.jpg",
  "image_url_2": "https://sortiment.lidl.ch/media/catalog/product/cache/38c728e59b3a47950872534eff8a1e63/2/6/2652_PSXX.jpg"
},
{
  "_id": {
    "$oid": "66f3a83cd23ade1eec55fe4d"
  },
  "unique_id": "5106240",
  "product_name": "Bio Weiderind Hamburger",
  "brand": "Bonvalle",
  "regular_price": 6.99,
  "selling_price": 6.99,
  "price_per_unit": "pro 2x125g | 100g = 2.80 CHF",
  "breadcrumb": "Sortiment > Sortiment > Bio Weiderind Hamburger",
  "pdp_url": "https://sortiment.lidl.ch/de/bio-weiderind-hamburger-5106240",
  "product_description": "Artikelnr.: 5106240",
  "producthierarchy_level1": "Sortiment",
  "producthierarchy_level2": "Sortiment",
  "producthierarchy_level3": "Bio Weiderind Hamburger",
  "producthierarchy_level4": "",
  "producthierarchy_level5": "",
  "producthierarchy_level6": "",
  "producthierarchy_level7": "",
  "currency": "Swiss franc",
  "file_name_1": "5106240_1.jpg",
  "image_url_1": "https://sortiment.lidl.ch/media/catalog/product/cache/38c728e59b3a47950872534eff8a1e63/5/1/5106240_FKBF.jpg",
  "file_name_2": "5106240_2.jpg",
  "image_url_2": "https://sortiment.lidl.ch/media/catalog/product/cache/38c728e59b3a47950872534eff8a1e63/5/1/5106240_PSXX.jpg"
},
{
  "_id": {
    "$oid": "66f3a83dd23ade1eec55fe4e"
  },
  "unique_id": "1372",
  "product_name": "Rindsfilet Médaillon",
  "brand": "Bonvalle",
  "regular_price": 7.99,
  "selling_price": 7.99,
  "price_per_unit": "pro 100g, ca. 180-220g",
  "breadcrumb": "Sortiment > Sortiment > Rindsfilet Médaillon",
  "pdp_url": "https://sortiment.lidl.ch/de/rindsfilet-medaillon-0001372",
  "product_description": "Artikelnr.: 1372",
  "producthierarchy_level1": "Sortiment",
  "producthierarchy_level2": "Sortiment",
  "producthierarchy_level3": "Rindsfilet Médaillon",
  "producthierarchy_level4": "",
  "producthierarchy_level5": "",
  "producthierarchy_level6": "",
  "producthierarchy_level7": "",
  "currency": "Swiss franc",
  "file_name_1": "1372_1.jpg",
  "image_url_1": "https://sortiment.lidl.ch/media/catalog/product/cache/38c728e59b3a47950872534eff8a1e63/1/3/1372_FKBF.jpg"
},
{
  "_id": {
    "$oid": "66f3a83ed23ade1eec55fe4f"
  },
  "unique_id": "1374",
  "product_name": "Entrecôte",
  "brand": "Bonvalle",
  "regular_price": 3.99,
  "selling_price": 3.99,
  "price_per_unit": "pro 100g, ca. 230-270g",
  "breadcrumb": "Sortiment > Sortiment > Entrecôte",
  "pdp_url": "https://sortiment.lidl.ch/de/entrecote-0001374",
  "product_description": "Artikelnr.: 1374",
  "producthierarchy_level1": "Sortiment",
  "producthierarchy_level2": "Sortiment",
  "producthierarchy_level3": "Entrecôte",
  "producthierarchy_level4": "",
  "producthierarchy_level5": "",
  "producthierarchy_level6": "",
  "producthierarchy_level7": "",
  "currency": "Swiss franc",
  "file_name_1": "1374_1.jpg",
  "image_url_1": "https://sortiment.lidl.ch/media/catalog/product/cache/38c728e59b3a47950872534eff8a1e63/1/3/1374_FKBF.jpg"
},
{
  "_id": {
    "$oid": "66f3a83fd23ade1eec55fe50"
  },
  "unique_id": "5107093",
  "product_name": "Premium Burger",
  "brand": "Bonvalle",
  "regular_price": 4.99,
  "selling_price": 4.99,
  "price_per_unit": "pro 4x100g | 100g = 1.25 CHF",
  "breadcrumb": "Sortiment > Sortiment > Premium Burger",
  "pdp_url": "https://sortiment.lidl.ch/de/premium-burger-5107093",
  "product_description": "Artikelnr.: 5107093",
  "producthierarchy_level1": "Sortiment",
  "producthierarchy_level2": "Sortiment",
  "producthierarchy_level3": "Premium Burger",
  "producthierarchy_level4": "",
  "producthierarchy_level5": "",
  "producthierarchy_level6": "",
  "producthierarchy_level7": "",
  "currency": "Swiss franc",
  "file_name_1": "5107093_1.jpg",
  "image_url_1": "https://sortiment.lidl.ch/media/catalog/product/cache/38c728e59b3a47950872534eff8a1e63/5/1/5107093_FKBF.jpg",
  "file_name_2": "5107093_2.jpg",
  "image_url_2": "https://sortiment.lidl.ch/media/catalog/product/cache/38c728e59b3a47950872534eff8a1e63/5/1/5107093_PSXX.jpg"
},
{
  "_id": {
    "$oid": "66f3a840d23ade1eec55fe51"
  },
  "unique_id": "5103948",
  "product_name": "Black Angus Ribeye",
  "brand": "Carnesi",
  "regular_price": 5.29,
  "selling_price": 5.29,
  "price_per_unit": "pro 100g, ca. 200-240g",
  "breadcrumb": "Sortiment > Sortiment > Black Angus Ribeye",
  "pdp_url": "https://sortiment.lidl.ch/de/black-angus-ribeye-5103948",
  "product_description": "Artikelnr.: 5103948",
  "producthierarchy_level1": "Sortiment",
  "producthierarchy_level2": "Sortiment",
  "producthierarchy_level3": "Black Angus Ribeye",
  "producthierarchy_level4": "",
  "producthierarchy_level5": "",
  "producthierarchy_level6": "",
  "producthierarchy_level7": "",
  "currency": "Swiss franc",
  "file_name_1": "5103948_1.jpg",
  "image_url_1": "https://sortiment.lidl.ch/media/catalog/product/cache/38c728e59b3a47950872534eff8a1e63/5/1/5103948_FKBF.jpg",
  "file_name_2": "5103948_2.jpg",
  "image_url_2": "https://sortiment.lidl.ch/media/catalog/product/cache/38c728e59b3a47950872534eff8a1e63/5/1/5103948_PSXX.jpg"
},
{
  "_id": {
    "$oid": "66f3a841d23ade1eec55fe52"
  },
  "unique_id": "6145",
  "product_name": "Rib Eye Steak vom Hohrücken",
  "brand": "Bonvalle",
  "regular_price": 4.79,
  "selling_price": 4.79,
  "price_per_unit": "pro 100g, ca. 230-270g",
  "breadcrumb": "Sortiment > Sortiment > Rib Eye Steak vom Hohrücken",
  "pdp_url": "https://sortiment.lidl.ch/de/rib-eye-steak-vom-hohruecken-0006145",
  "product_description": "Artikelnr.: 6145",
  "producthierarchy_level1": "Sortiment",
  "producthierarchy_level2": "Sortiment",
  "producthierarchy_level3": "Rib Eye Steak vom Hohrücken",
  "producthierarchy_level4": "",
  "producthierarchy_level5": "",
  "producthierarchy_level6": "",
  "producthierarchy_level7": "",
  "currency": "Swiss franc",
  "file_name_1": "6145_1.jpg",
  "image_url_1": "https://sortiment.lidl.ch/media/catalog/product/cache/38c728e59b3a47950872534eff8a1e63/6/1/6145_FKBF.jpg"
},
{
  "_id": {
    "$oid": "66f3a843d23ade1eec55fe53"
  },
  "unique_id": "5878",
  "product_name": "Rindsgeschnetzeltes",
  "brand": "Bonvalle",
  "regular_price": 6.99,
  "selling_price": 6.99,
  "price_per_unit": "pro 300g | 100g = 2.33 CHF",
  "breadcrumb": "Sortiment > Sortiment > Rindsgeschnetzeltes",
  "pdp_url": "https://sortiment.lidl.ch/de/rindsgeschnetzeltes-0005878",
  "product_description": "Artikelnr.: 5878",
  "producthierarchy_level1": "Sortiment",
  "producthierarchy_level2": "Sortiment",
  "producthierarchy_level3": "Rindsgeschnetzeltes",
  "producthierarchy_level4": "",
  "producthierarchy_level5": "",
  "producthierarchy_level6": "",
  "producthierarchy_level7": "",
  "currency": "Swiss franc",
  "file_name_1": "5878_1.jpg",
  "image_url_1": "https://sortiment.lidl.ch/media/catalog/product/cache/38c728e59b3a47950872534eff8a1e63/5/8/5878_FKBF.jpg",
  "file_name_2": "5878_2.jpg",
  "image_url_2": "https://sortiment.lidl.ch/media/catalog/product/cache/38c728e59b3a47950872534eff8a1e63/5/8/5878_PSXX.jpg"
},
{
  "_id": {
    "$oid": "66f3a844d23ade1eec55fe54"
  },
  "unique_id": "5445",
  "product_name": "Rindshackfleisch light",
  "brand": "Bonvalle",
  "regular_price": 6.99,
  "selling_price": 6.99,
  "price_per_unit": "pro 400g | 100g = 1.75 CHF",
  "breadcrumb": "Sortiment > Sortiment > Rindshackfleisch light",
  "pdp_url": "https://sortiment.lidl.ch/de/rindshackfleisch-light-0005445",
  "product_description": "Artikelnr.: 5445",
  "producthierarchy_level1": "Sortiment",
  "producthierarchy_level2": "Sortiment",
  "producthierarchy_level3": "Rindshackfleisch light",
  "producthierarchy_level4": "",
  "producthierarchy_level5": "",
  "producthierarchy_level6": "",
  "producthierarchy_level7": "",
  "currency": "Swiss franc",
  "file_name_1": "5445_1.jpg",
  "image_url_1": "https://sortiment.lidl.ch/media/catalog/product/cache/38c728e59b3a47950872534eff8a1e63/5/4/5445_FKBF.jpg",
  "file_name_2": "5445_2.jpg",
  "image_url_2": "https://sortiment.lidl.ch/media/catalog/product/cache/38c728e59b3a47950872534eff8a1e63/5/4/5445_PSXX.jpg"
},
{
  "_id": {
    "$oid": "66f3a845d23ade1eec55fe55"
  },
  "unique_id": "2653",
  "product_name": "Black Angus Entrecote",
  "brand": "Carnesi",
  "regular_price": 5.29,
  "selling_price": 5.29,
  "price_per_unit": "pro 100g, ca. 180-220g",
  "breadcrumb": "Sortiment > Sortiment > Black Angus Entrecote",
  "pdp_url": "https://sortiment.lidl.ch/de/black-angus-entrecote-0002653",
  "product_description": "Artikelnr.: 2653",
  "producthierarchy_level1": "Sortiment",
  "producthierarchy_level2": "Sortiment",
  "producthierarchy_level3": "Black Angus Entrecote",
  "producthierarchy_level4": "",
  "producthierarchy_level5": "",
  "producthierarchy_level6": "",
  "producthierarchy_level7": "",
  "currency": "Swiss franc",
  "file_name_1": "2653_1.jpg",
  "image_url_1": "https://sortiment.lidl.ch/media/catalog/product/cache/38c728e59b3a47950872534eff8a1e63/2/6/2653_FKBF.jpg",
  "file_name_2": "2653_2.jpg",
  "image_url_2": "https://sortiment.lidl.ch/media/catalog/product/cache/38c728e59b3a47950872534eff8a1e63/2/6/2653_PSXX.jpg"
},
{
  "_id": {
    "$oid": "66f3a846d23ade1eec55fe56"
  },
  "unique_id": "1375",
  "product_name": "Rindsragout",
  "brand": "Bonvalle",
  "regular_price": 7.95,
  "selling_price": 7.95,
  "price_per_unit": "pro 400g | 100g = 1.99 CHF",
  "breadcrumb": "Sortiment > Sortiment > Rindsragout",
  "pdp_url": "https://sortiment.lidl.ch/de/rindsragout-0001375",
  "product_description": "Artikelnr.: 1375",
  "producthierarchy_level1": "Sortiment",
  "producthierarchy_level2": "Sortiment",
  "producthierarchy_level3": "Rindsragout",
  "producthierarchy_level4": "",
  "producthierarchy_level5": "",
  "producthierarchy_level6": "",
  "producthierarchy_level7": "",
  "currency": "Swiss franc",
  "file_name_1": "1375_1.jpg",
  "image_url_1": "https://sortiment.lidl.ch/media/amasty/amoptmobile/catalog/product/cache/38c728e59b3a47950872534eff8a1e63/1/3/1375_FKBF.jpg",
  "file_name_2": "1375_2.jpg",
  "image_url_2": "https://sortiment.lidl.ch/media/catalog/product/cache/38c728e59b3a47950872534eff8a1e63/1/3/1375_PSXX.jpg"
},
{
  "_id": {
    "$oid": "66f3a848d23ade1eec55fe57"
  },
  "unique_id": "5106945",
  "product_name": "Schweinsragout / Schweinsgeschnetz.",
  "brand": "Bonvalle",
  "regular_price": 6.79,
  "selling_price": 6.79,
  "price_per_unit": "pro 400g, 500g | 100g = 1.70, 1.36 CHF",
  "breadcrumb": "Sortiment > Sortiment > Schweinsragout / Schweinsgeschnetz.",
  "pdp_url": "https://sortiment.lidl.ch/de/schweinsragout-schweinsgeschnetz-5106945",
  "product_description": "Artikelnr.: 5106945",
  "producthierarchy_level1": "Sortiment",
  "producthierarchy_level2": "Sortiment",
  "producthierarchy_level3": "Schweinsragout / Schweinsgeschnetz.",
  "producthierarchy_level4": "",
  "producthierarchy_level5": "",
  "producthierarchy_level6": "",
  "producthierarchy_level7": "",
  "currency": "Swiss franc",
  "file_name_1": "5106945_1.jpg",
  "image_url_1": "https://sortiment.lidl.ch/media/catalog/product/cache/38c728e59b3a47950872534eff8a1e63/5/1/5106945_Geschnetzeltes_FKBF_1.jpg",
  "file_name_2": "5106945_2.jpg",
  "image_url_2": "https://sortiment.lidl.ch/media/catalog/product/cache/38c728e59b3a47950872534eff8a1e63/5/1/5106945_Geschnetzeltes_PSXX.jpg",
  "file_name_3": "5106945_3.jpg",
  "image_url_3": "https://sortiment.lidl.ch/media/catalog/product/cache/38c728e59b3a47950872534eff8a1e63/5/1/5106945_Ragout_FKBF_1.jpg",
  "file_name_4": "5106945_4.jpg",
  "image_url_4": "https://sortiment.lidl.ch/media/catalog/product/cache/38c728e59b3a47950872534eff8a1e63/5/1/5106945_Ragout_PSXX.jpg"
},
{
  "_id": {
    "$oid": "66f3a849d23ade1eec55fe58"
  },
  "unique_id": "5104176",
  "product_name": "Schweinsnierstück Plätzli",
  "brand": "Bonvalle",
  "regular_price": 8.55,
  "selling_price": 8.55,
  "price_per_unit": "pro 380g | 100g = 2.25 CHF",
  "breadcrumb": "Sortiment > Sortiment > Schweinsnierstück Plätzli",
  "pdp_url": "https://sortiment.lidl.ch/de/schweinsnierstueck-plaetzli-5104176",
  "product_description": "Artikelnr.: 5104176",
  "producthierarchy_level1": "Sortiment",
  "producthierarchy_level2": "Sortiment",
  "producthierarchy_level3": "Schweinsnierstück Plätzli",
  "producthierarchy_level4": "",
  "producthierarchy_level5": "",
  "producthierarchy_level6": "",
  "producthierarchy_level7": "",
  "currency": "Swiss franc",
  "file_name_1": "5104176_1.jpg",
  "image_url_1": "https://sortiment.lidl.ch/media/amasty/amoptmobile/catalog/product/cache/38c728e59b3a47950872534eff8a1e63/5/1/5104176_FKBF_3.jpg",
  "file_name_2": "5104176_2.jpg",
  "image_url_2": "https://sortiment.lidl.ch/media/catalog/product/cache/38c728e59b3a47950872534eff8a1e63/5/1/5104176_PSXX.jpg"
},
{
  "_id": {
    "$oid": "66f3a84ad23ade1eec55fe59"
  },
  "unique_id": "5103969",
  "product_name": "Tessiner Grillwurst",
  "brand": "Bonvalle",
  "regular_price": 4.99,
  "selling_price": 4.99,
  "price_per_unit": "pro 280g | 100g = 1.79 CHF",
  "breadcrumb": "Sortiment > Sortiment > Tessiner Grillwurst",
  "pdp_url": "https://sortiment.lidl.ch/de/tessiner-grillwurst-5103969",
  "product_description": "Artikelnr.: 5103969",
  "producthierarchy_level1": "Sortiment",
  "producthierarchy_level2": "Sortiment",
  "producthierarchy_level3": "Tessiner Grillwurst",
  "producthierarchy_level4": "",
  "producthierarchy_level5": "",
  "producthierarchy_level6": "",
  "producthierarchy_level7": "",
  "currency": "Swiss franc",
  "file_name_1": "5103969_1.jpg",
  "image_url_1": "https://sortiment.lidl.ch/media/catalog/product/cache/38c728e59b3a47950872534eff8a1e63/5/1/5103969_FKBF.jpg",
  "file_name_2": "5103969_2.jpg",
  "image_url_2": "https://sortiment.lidl.ch/media/catalog/product/cache/38c728e59b3a47950872534eff8a1e63/5/1/5103969_PSXX_1.jpg"
},
{
  "_id": {
    "$oid": "66f3a84cd23ade1eec55fe5a"
  },
  "unique_id": "5103967",
  "product_name": "Schweinshals am Stück",
  "brand": "Bonvalle",
  "regular_price": 1.89,
  "selling_price": 1.89,
  "price_per_unit": "pro 100g, ca. 800-1200g",
  "breadcrumb": "Sortiment > Sortiment > Schweinshals am Stück",
  "pdp_url": "https://sortiment.lidl.ch/de/schweinshals-am-stueck-5103967",
  "product_description": "Artikelnr.: 5103967",
  "producthierarchy_level1": "Sortiment",
  "producthierarchy_level2": "Sortiment",
  "producthierarchy_level3": "Schweinshals am Stück",
  "producthierarchy_level4": "",
  "producthierarchy_level5": "",
  "producthierarchy_level6": "",
  "producthierarchy_level7": "",
  "currency": "Swiss franc",
  "file_name_1": "5103967_1.jpg",
  "image_url_1": "https://sortiment.lidl.ch/media/catalog/product/cache/38c728e59b3a47950872534eff8a1e63/5/1/5103967_FKBF_3.jpg",
  "file_name_2": "5103967_2.jpg",
  "image_url_2": "https://sortiment.lidl.ch/media/catalog/product/cache/38c728e59b3a47950872534eff8a1e63/5/1/5103967_PSXX_3.jpg"
},
{
  "_id": {
    "$oid": "66f3a84dd23ade1eec55fe5b"
  },
  "unique_id": "2613",
  "product_name": "Cognac Steak",
  "brand": "Bonvalle",
  "regular_price": 9.99,
  "selling_price": 9.99,
  "price_per_unit": "pro 2x180g | 100g = 2.78 CHF",
  "breadcrumb": "Sortiment > Sortiment > Cognac Steak",
  "pdp_url": "https://sortiment.lidl.ch/de/cognac-steak-0002613",
  "product_description": "Artikelnr.: 2613",
  "producthierarchy_level1": "Sortiment",
  "producthierarchy_level2": "Sortiment",
  "producthierarchy_level3": "Cognac Steak",
  "producthierarchy_level4": "",
  "producthierarchy_level5": "",
  "producthierarchy_level6": "",
  "producthierarchy_level7": "",
  "currency": "Swiss franc",
  "file_name_1": "2613_1.jpg",
  "image_url_1": "https://sortiment.lidl.ch/media/catalog/product/cache/38c728e59b3a47950872534eff8a1e63/2/6/2613_FKBF.jpg",
  "file_name_2": "2613_2.jpg",
  "image_url_2": "https://sortiment.lidl.ch/media/catalog/product/cache/38c728e59b3a47950872534eff8a1e63/2/6/2613_PSXX.jpg"
},
{
  "_id": {
    "$oid": "66f3a84ed23ade1eec55fe5c"
  },
  "unique_id": "1415",
  "product_name": "Schweinshals Koteletts",
  "brand": "Bonvalle",
  "regular_price": 6.25,
  "selling_price": 6.25,
  "price_per_unit": "pro 500g | 100g = 1.25 CHF",
  "breadcrumb": "Sortiment > Sortiment > Schweinshals Koteletts",
  "pdp_url": "https://sortiment.lidl.ch/de/schweinshals-koteletts-0001415",
  "product_description": "Artikelnr.: 1415",
  "producthierarchy_level1": "Sortiment",
  "producthierarchy_level2": "Sortiment",
  "producthierarchy_level3": "Schweinshals Koteletts",
  "producthierarchy_level4": "",
  "producthierarchy_level5": "",
  "producthierarchy_level6": "",
  "producthierarchy_level7": "",
  "currency": "Swiss franc",
  "file_name_1": "1415_1.jpg",
  "image_url_1": "https://sortiment.lidl.ch/media/amasty/amoptmobile/catalog/product/cache/38c728e59b3a47950872534eff8a1e63/1/4/1415_FKBF.jpg"
},
{
  "_id": {
    "$oid": "66f3a84fd23ade1eec55fe5d"
  },
  "unique_id": "1411",
  "product_name": "Schweinsschnitzel vom Stotzen",
  "brand": "Bonvalle",
  "regular_price": 8.79,
  "selling_price": 8.79,
  "price_per_unit": "pro 500g | 100g = 1.76 CHF",
  "breadcrumb": "Sortiment > Sortiment > Schweinsschnitzel vom Stotzen",
  "pdp_url": "https://sortiment.lidl.ch/de/schweinsschnitzel-vom-stotzen-0001411",
  "product_description": "Artikelnr.: 1411",
  "producthierarchy_level1": "Sortiment",
  "producthierarchy_level2": "Sortiment",
  "producthierarchy_level3": "Schweinsschnitzel vom Stotzen",
  "producthierarchy_level4": "",
  "producthierarchy_level5": "",
  "producthierarchy_level6": "",
  "producthierarchy_level7": "",
  "currency": "Swiss franc",
  "file_name_1": "1411_1.jpg",
  "image_url_1": "https://sortiment.lidl.ch/media/catalog/product/cache/38c728e59b3a47950872534eff8a1e63/1/4/1411_FKBF_1.jpg",
  "file_name_2": "1411_2.jpg",
  "image_url_2": "https://sortiment.lidl.ch/media/catalog/product/cache/38c728e59b3a47950872534eff8a1e63/1/4/1411_PSXX.jpg"
},
{
  "_id": {
    "$oid": "66f3a850d23ade1eec55fe5e"
  },
  "unique_id": "1410",
  "product_name": "Schweinsnierstück Steak",
  "brand": "Bonvalle",
  "regular_price": 8.99,
  "selling_price": 8.99,
  "price_per_unit": "pro 400g | 100g = 2.25 CHF",
  "breadcrumb": "Sortiment > Sortiment > Schweinsnierstück Steak",
  "pdp_url": "https://sortiment.lidl.ch/de/schweinsnierstueck-steak-0001410",
  "product_description": "Artikelnr.: 1410",
  "producthierarchy_level1": "Sortiment",
  "producthierarchy_level2": "Sortiment",
  "producthierarchy_level3": "Schweinsnierstück Steak",
  "producthierarchy_level4": "",
  "producthierarchy_level5": "",
  "producthierarchy_level6": "",
  "producthierarchy_level7": "",
  "currency": "Swiss franc",
  "file_name_1": "1410_1.jpg",
  "image_url_1": "https://sortiment.lidl.ch/media/catalog/product/cache/38c728e59b3a47950872534eff8a1e63/1/4/1410_FKBF.jpg",
  "file_name_2": "1410_2.jpg",
  "image_url_2": "https://sortiment.lidl.ch/media/catalog/product/cache/38c728e59b3a47950872534eff8a1e63/1/4/1410_PSXX.jpg"
},
{
  "_id": {
    "$oid": "66f3a851d23ade1eec55fe5f"
  },
  "unique_id": "3161",
  "product_name": "Mini Bacon Burger",
  "brand": "Bonvalle",
  "regular_price": 3.79,
  "selling_price": 3.79,
  "price_per_unit": "pro 220g | 100g = 1.73 CHF",
  "breadcrumb": "Sortiment > Sortiment > Mini Bacon Burger",
  "pdp_url": "https://sortiment.lidl.ch/de/mini-bacon-burger-0003161",
  "product_description": "Artikelnr.: 3161",
  "producthierarchy_level1": "Sortiment",
  "producthierarchy_level2": "Sortiment",
  "producthierarchy_level3": "Mini Bacon Burger",
  "producthierarchy_level4": "",
  "producthierarchy_level5": "",
  "producthierarchy_level6": "",
  "producthierarchy_level7": "",
  "currency": "Swiss franc",
  "file_name_1": "3161_1.jpg",
  "image_url_1": "https://sortiment.lidl.ch/media/catalog/product/cache/38c728e59b3a47950872534eff8a1e63/3/1/3161_FKBF.jpg",
  "file_name_2": "3161_2.jpg",
  "image_url_2": "https://sortiment.lidl.ch/media/catalog/product/cache/38c728e59b3a47950872534eff8a1e63/3/1/3161_PSXX.jpg"
},
{
  "_id": {
    "$oid": "66f3a852d23ade1eec55fe60"
  },
  "unique_id": "2791",
  "product_name": "Lammfilet",
  "brand": "Deluxe",
  "regular_price": 3.49,
  "selling_price": 3.49,
  "price_per_unit": "pro 100g, ca. 190-320g",
  "breadcrumb": "Sortiment > Sortiment > Lammfilet",
  "pdp_url": "https://sortiment.lidl.ch/de/lammfilet-0002791",
  "product_description": "Artikelnr.: 2791",
  "producthierarchy_level1": "Sortiment",
  "producthierarchy_level2": "Sortiment",
  "producthierarchy_level3": "Lammfilet",
  "producthierarchy_level4": "",
  "producthierarchy_level5": "",
  "producthierarchy_level6": "",
  "producthierarchy_level7": "",
  "currency": "Swiss franc",
  "file_name_1": "2791_1.jpg",
  "image_url_1": "https://sortiment.lidl.ch/media/catalog/product/cache/38c728e59b3a47950872534eff8a1e63/2/7/2791_FKBF_1.jpg",
  "file_name_2": "2791_2.jpg",
  "image_url_2": "https://sortiment.lidl.ch/media/catalog/product/cache/38c728e59b3a47950872534eff8a1e63/2/7/2791_PSXX.jpg"
},
{
  "_id": {
    "$oid": "66f3a854d23ade1eec55fe61"
  },
  "unique_id": "5107168",
  "product_name": "Crispy Chicken",
  "brand": "Culinea",
  "regular_price": 6.85,
  "selling_price": 6.85,
  "price_per_unit": "pro 700g | 100g = 0.98 CHF",
  "breadcrumb": "Sortiment > Sortiment > Crispy Chicken",
  "pdp_url": "https://sortiment.lidl.ch/de/crispy-chicken-5107168",
  "product_description": "Artikelnr.: 5107168",
  "producthierarchy_level1": "Sortiment",
  "producthierarchy_level2": "Sortiment",
  "producthierarchy_level3": "Crispy Chicken",
  "producthierarchy_level4": "",
  "producthierarchy_level5": "",
  "producthierarchy_level6": "",
  "producthierarchy_level7": "",
  "currency": "Swiss franc",
  "file_name_1": "5107168_1.jpg",
  "image_url_1": "https://sortiment.lidl.ch/media/catalog/product/cache/38c728e59b3a47950872534eff8a1e63/5/1/5107168_PSXX.jpg"
},
{
  "_id": {
    "$oid": "66f3a855d23ade1eec55fe62"
  },
  "unique_id": "5107166",
  "product_name": "Poulet Nuggets",
  "brand": "Culinea",
  "regular_price": 7.99,
  "selling_price": 7.99,
  "price_per_unit": "pro 750g | 100g = 1.07 CHF",
  "breadcrumb": "Sortiment > Sortiment > Poulet Nuggets",
  "pdp_url": "https://sortiment.lidl.ch/de/poulet-nuggets-5107166",
  "product_description": "Artikelnr.: 5107166",
  "producthierarchy_level1": "Sortiment",
  "producthierarchy_level2": "Sortiment",
  "producthierarchy_level3": "Poulet Nuggets",
  "producthierarchy_level4": "",
  "producthierarchy_level5": "",
  "producthierarchy_level6": "",
  "producthierarchy_level7": "",
  "currency": "Swiss franc",
  "file_name_1": "5107166_1.jpg",
  "image_url_1": "https://sortiment.lidl.ch/media/catalog/product/cache/38c728e59b3a47950872534eff8a1e63/5/1/5107166_PSXX.jpg"
},
{
  "_id": {
    "$oid": "66f3a856d23ade1eec55fe63"
  },
  "unique_id": "5106013",
  "product_name": "Chicken Balls Curry",
  "brand": "Culinea",
  "regular_price": 8.49,
  "selling_price": 8.49,
  "price_per_unit": "pro 500g | 100g = 1.70 CHF",
  "breadcrumb": "Sortiment > Sortiment > Chicken Balls Curry",
  "pdp_url": "https://sortiment.lidl.ch/de/chicken-balls-curry-5106013",
  "product_description": "Artikelnr.: 5106013",
  "producthierarchy_level1": "Sortiment",
  "producthierarchy_level2": "Sortiment",
  "producthierarchy_level3": "Chicken Balls Curry",
  "producthierarchy_level4": "",
  "producthierarchy_level5": "",
  "producthierarchy_level6": "",
  "producthierarchy_level7": "",
  "currency": "Swiss franc",
  "file_name_1": "5106013_1.jpg",
  "image_url_1": "https://sortiment.lidl.ch/media/catalog/product/cache/38c728e59b3a47950872534eff8a1e63/5/1/5106013_ChickenBalls_PSXX.jpg"
},
{
  "_id": {
    "$oid": "66f3a858d23ade1eec55fe64"
  },
  "unique_id": "130339",
  "product_name": "Chicken Nuggets",
  "brand": "",
  "regular_price": 4.49,
  "selling_price": 4.49,
  "price_per_unit": "pro 300g | 100g = 1.50 CHF",
  "breadcrumb": "Sortiment > Sortiment > Chicken Nuggets",
  "pdp_url": "https://sortiment.lidl.ch/de/chicken-nuggets-0130339",
  "product_description": "Artikelnr.: 130339",
  "producthierarchy_level1": "Sortiment",
  "producthierarchy_level2": "Sortiment",
  "producthierarchy_level3": "Chicken Nuggets",
  "producthierarchy_level4": "",
  "producthierarchy_level5": "",
  "producthierarchy_level6": "",
  "producthierarchy_level7": "",
  "currency": "Swiss franc",
  "file_name_1": "130339_1.jpg",
  "image_url_1": "https://sortiment.lidl.ch/media/catalog/product/cache/38c728e59b3a47950872534eff8a1e63/1/3/130339_PSXX.jpg"
},
{
  "_id": {
    "$oid": "66f3a859d23ade1eec55fe65"
  },
  "unique_id": "12192",
  "product_name": "Chicken Strips mit Curry-Dip",
  "brand": "Culinea",
  "regular_price": 8.29,
  "selling_price": 8.29,
  "price_per_unit": "pro 500g | 100g = 1.66 CHF",
  "breadcrumb": "Sortiment > Sortiment > Chicken Strips mit Curry-Dip",
  "pdp_url": "https://sortiment.lidl.ch/de/chicken-strips-mit-curry-dip-0012192",
  "product_description": "Artikelnr.: 12192",
  "producthierarchy_level1": "Sortiment",
  "producthierarchy_level2": "Sortiment",
  "producthierarchy_level3": "Chicken Strips mit Curry-Dip",
  "producthierarchy_level4": "",
  "producthierarchy_level5": "",
  "producthierarchy_level6": "",
  "producthierarchy_level7": "",
  "currency": "Swiss franc",
  "file_name_1": "12192_1.jpg",
  "image_url_1": "https://sortiment.lidl.ch/media/catalog/product/cache/38c728e59b3a47950872534eff8a1e63/1/2/12192_PSXX.jpg"
},
{
  "_id": {
    "$oid": "66f3a85ad23ade1eec55fe66"
  },
  "unique_id": "31304",
  "product_name": "MSC Schlemmerfilet",
  "brand": "Ocean Sea",
  "regular_price": 2.99,
  "selling_price": 2.99,
  "price_per_unit": "pro 400g | 100g = 0.75 CHF",
  "breadcrumb": "Sortiment > Sortiment > MSC Schlemmerfilet",
  "pdp_url": "https://sortiment.lidl.ch/de/msc-schlemmerfilet-0031304",
  "product_description": "Artikelnr.: 31304",
  "producthierarchy_level1": "Sortiment",
  "producthierarchy_level2": "Sortiment",
  "producthierarchy_level3": "MSC Schlemmerfilet",
  "producthierarchy_level4": "",
  "producthierarchy_level5": "",
  "producthierarchy_level6": "",
  "producthierarchy_level7": "",
  "currency": "Swiss franc",
  "file_name_1": "31304_1.jpg",
  "image_url_1": "https://sortiment.lidl.ch/media/catalog/product/cache/38c728e59b3a47950872534eff8a1e63/3/1/31304_Bardolaise_PSXX.jpg",
  "file_name_2": "31304_2.jpg",
  "image_url_2": "https://sortiment.lidl.ch/media/catalog/product/cache/38c728e59b3a47950872534eff8a1e63/3/1/31304_Broccoli_PSXX.jpg",
  "file_name_3": "31304_3.jpg",
  "image_url_3": "https://sortiment.lidl.ch/media/catalog/product/cache/38c728e59b3a47950872534eff8a1e63/3/1/31304_Mediterran_PSXX.jpg"
},
{
  "_id": {
    "$oid": "66f3a85bd23ade1eec55fe67"
  },
  "unique_id": "122475",
  "product_name": "MSC Knusperfilet",
  "brand": "Ocean Sea",
  "regular_price": 3.29,
  "selling_price": 3.29,
  "price_per_unit": "pro 400g | 100g = 0.83 CHF",
  "breadcrumb": "Sortiment > Sortiment > MSC Knusperfilet",
  "pdp_url": "https://sortiment.lidl.ch/de/msc-knusperfilet-0122475",
  "product_description": "Artikelnr.: 122475",
  "producthierarchy_level1": "Sortiment",
  "producthierarchy_level2": "Sortiment",
  "producthierarchy_level3": "MSC Knusperfilet",
  "producthierarchy_level4": "",
  "producthierarchy_level5": "",
  "producthierarchy_level6": "",
  "producthierarchy_level7": "",
  "currency": "Swiss franc",
  "file_name_1": "122475_1.jpg",
  "image_url_1": "https://sortiment.lidl.ch/media/catalog/product/cache/38c728e59b3a47950872534eff8a1e63/1/2/122475_Kaese_PSXX_1.jpg",
  "file_name_2": "122475_2.jpg",
  "image_url_2": "https://sortiment.lidl.ch/media/catalog/product/cache/38c728e59b3a47950872534eff8a1e63/1/2/122475_Spinat_PSXX.jpg",
  "file_name_3": "122475_3.jpg",
  "image_url_3": "https://sortiment.lidl.ch/media/catalog/product/cache/38c728e59b3a47950872534eff8a1e63/1/2/122475_Tomate_PSXX_1.jpg"
},
{
  "_id": {
    "$oid": "66f3a85cd23ade1eec55fe68"
  },
  "unique_id": "127765",
  "product_name": "ASC Riesencrevetten",
  "brand": "Ocean Sea",
  "regular_price": 8.99,
  "selling_price": 8.99,
  "price_per_unit": "pro 450g (Abtropfgewicht) | 100g = 2.00 CHF",
  "breadcrumb": "Sortiment > Sortiment > ASC Riesencrevetten",
  "pdp_url": "https://sortiment.lidl.ch/de/asc-riesencrevetten-0127765",
  "product_description": "Artikelnr.: 127765",
  "producthierarchy_level1": "Sortiment",
  "producthierarchy_level2": "Sortiment",
  "producthierarchy_level3": "ASC Riesencrevetten",
  "producthierarchy_level4": "",
  "producthierarchy_level5": "",
  "producthierarchy_level6": "",
  "producthierarchy_level7": "",
  "currency": "Swiss franc",
  "file_name_1": "127765_1.jpg",
  "image_url_1": "https://sortiment.lidl.ch/media/catalog/product/cache/38c728e59b3a47950872534eff8a1e63/1/2/127765_PSXX.jpg"
},
{
  "_id": {
    "$oid": "66f3a85dd23ade1eec55fe69"
  },
  "unique_id": "112834",
  "product_name": "MSC Fischstäbchen",
  "brand": "Ocean Sea",
  "regular_price": 1.99,
  "selling_price": 1.99,
  "price_per_unit": "pro 450g | 100g = 0.45 CHF",
  "breadcrumb": "Sortiment > Sortiment > MSC Fischstäbchen",
  "pdp_url": "https://sortiment.lidl.ch/de/msc-fischstaebchen-0112834",
  "product_description": "Artikelnr.: 112834",
  "producthierarchy_level1": "Sortiment",
  "producthierarchy_level2": "Sortiment",
  "producthierarchy_level3": "MSC Fischstäbchen",
  "producthierarchy_level4": "",
  "producthierarchy_level5": "",
  "producthierarchy_level6": "",
  "producthierarchy_level7": "",
  "currency": "Swiss franc",
  "file_name_1": "112834_1.jpg",
  "image_url_1": "https://sortiment.lidl.ch/media/catalog/product/cache/38c728e59b3a47950872534eff8a1e63/1/1/112834_PSXX.jpg"
},
{
  "_id": {
    "$oid": "66f3a85fd23ade1eec55fe6a"
  },
  "unique_id": "74967",
  "product_name": "ASC Crevetten Tail-on",
  "brand": "Ocean Sea",
  "regular_price": 11.49,
  "selling_price": 11.49,
  "price_per_unit": "pro 450g (Abtropfgewicht) | 100g = 2.56 CHF",
  "breadcrumb": "Sortiment > Sortiment > ASC Crevetten Tail-on",
  "pdp_url": "https://sortiment.lidl.ch/de/asc-crevetten-tail-on-0074967",
  "product_description": "Artikelnr.: 74967",
  "producthierarchy_level1": "Sortiment",
  "producthierarchy_level2": "Sortiment",
  "producthierarchy_level3": "ASC Crevetten Tail-on",
  "producthierarchy_level4": "",
  "producthierarchy_level5": "",
  "producthierarchy_level6": "",
  "producthierarchy_level7": "",
  "currency": "Swiss franc",
  "file_name_1": "74967_1.jpg",
  "image_url_1": "https://sortiment.lidl.ch/media/catalog/product/cache/38c728e59b3a47950872534eff8a1e63/7/4/74967_PSXX.jpg"
},
{
  "_id": {
    "$oid": "66f3a860d23ade1eec55fe6b"
  },
  "unique_id": "62527",
  "product_name": "MSC Kabeljaufilets",
  "brand": "Ocean Sea",
  "regular_price": 9.95,
  "selling_price": 9.95,
  "price_per_unit": "pro 540g (Abtropfgewicht) | 100g = 1.85 CHF",
  "breadcrumb": "Sortiment > Sortiment > MSC Kabeljaufilets",
  "pdp_url": "https://sortiment.lidl.ch/de/msc-kabeljaufilets-0062527",
  "product_description": "Artikelnr.: 62527",
  "producthierarchy_level1": "Sortiment",
  "producthierarchy_level2": "Sortiment",
  "producthierarchy_level3": "MSC Kabeljaufilets",
  "producthierarchy_level4": "",
  "producthierarchy_level5": "",
  "producthierarchy_level6": "",
  "producthierarchy_level7": "",
  "currency": "Swiss franc",
  "file_name_1": "62527_1.jpg",
  "image_url_1": "https://sortiment.lidl.ch/media/catalog/product/cache/38c728e59b3a47950872534eff8a1e63/6/2/62527_PSXX.jpg"
},
{
  "_id": {
    "$oid": "66f3a861d23ade1eec55fe6c"
  },
  "unique_id": "12139",
  "product_name": "MSC Fischstäbchen",
  "brand": "Ocean Sea",
  "regular_price": 2.99,
  "selling_price": 2.99,
  "price_per_unit": "pro 450g | 100g = 0.67 CHF",
  "breadcrumb": "Sortiment > Sortiment > MSC Fischstäbchen",
  "pdp_url": "https://sortiment.lidl.ch/de/msc-fischstaebchen-0012139",
  "product_description": "Artikelnr.: 12139",
  "producthierarchy_level1": "Sortiment",
  "producthierarchy_level2": "Sortiment",
  "producthierarchy_level3": "MSC Fischstäbchen",
  "producthierarchy_level4": "",
  "producthierarchy_level5": "",
  "producthierarchy_level6": "",
  "producthierarchy_level7": "",
  "currency": "Swiss franc",
  "file_name_1": "12139_1.jpg",
  "image_url_1": "https://sortiment.lidl.ch/media/catalog/product/cache/38c728e59b3a47950872534eff8a1e63/1/2/12139_PSXX.jpg"
},
{
  "_id": {
    "$oid": "66f3a862d23ade1eec55fe6d"
  },
  "unique_id": "3452",
  "product_name": "Buitoni Piccolinis",
  "brand": "Buitoni",
  "regular_price": 4.95,
  "selling_price": 4.95,
  "price_per_unit": "pro 270g | 100g = 1.84 CHF",
  "breadcrumb": "Sortiment > Sortiment > Buitoni Piccolinis",
  "pdp_url": "https://sortiment.lidl.ch/de/buitoni-piccolinis-0003452",
  "product_description": "Artikelnr.: 3452",
  "producthierarchy_level1": "Sortiment",
  "producthierarchy_level2": "Sortiment",
  "producthierarchy_level3": "Buitoni Piccolinis",
  "producthierarchy_level4": "",
  "producthierarchy_level5": "",
  "producthierarchy_level6": "",
  "producthierarchy_level7": "",
  "currency": "Swiss franc",
  "file_name_1": "3452_1.jpg",
  "image_url_1": "https://sortiment.lidl.ch/media/catalog/product/cache/38c728e59b3a47950872534eff8a1e63/3/4/3452_Mozzarella_PSXX_1.jpg",
  "file_name_2": "3452_2.jpg",
  "image_url_2": "https://sortiment.lidl.ch/media/catalog/product/cache/38c728e59b3a47950872534eff8a1e63/3/4/3452_Schinken_18erPack_PSXX.jpg",
  "file_name_3": "3452_3.jpg",
  "image_url_3": "https://sortiment.lidl.ch/media/catalog/product/cache/38c728e59b3a47950872534eff8a1e63/3/4/3452_Schinken_PSXX.jpg"
},
{
  "_id": {
    "$oid": "66f3a864d23ade1eec55fe6e"
  },
  "unique_id": "98651",
  "product_name": "Steinofen-Pizza Mozzarella, 4 Käse",
  "brand": "Trattoria Alfredo",
  "regular_price": 4.09,
  "selling_price": 2.99,
  "price_per_unit": "pro 2x335g, 2x340g | 100g = 0.45, 0.44 CHF",
  "breadcrumb": "Sortiment > Sortiment > Steinofen-Pizza Mozzarella, 4 Käse",
  "pdp_url": "https://sortiment.lidl.ch/de/steinofen-pizza-mozzarella-4-kaese-0098651",
  "product_description": "Artikelnr.: 98651",
  "producthierarchy_level1": "Sortiment",
  "producthierarchy_level2": "Sortiment",
  "producthierarchy_level3": "Steinofen-Pizza Mozzarella, 4 Käse",
  "producthierarchy_level4": "",
  "producthierarchy_level5": "",
  "producthierarchy_level6": "",
  "producthierarchy_level7": "",
  "currency": "Swiss franc",
  "file_name_1": "98651_1.jpg",
  "image_url_1": "https://sortiment.lidl.ch/media/catalog/product/cache/38c728e59b3a47950872534eff8a1e63/9/8/98651_Mozzarella_PSXX.jpg",
  "file_name_2": "98651_2.jpg",
  "image_url_2": "https://sortiment.lidl.ch/media/catalog/product/cache/38c728e59b3a47950872534eff8a1e63/9/8/98651_QuattroFormaggi_PSXX.jpg"
},
{
  "_id": {
    "$oid": "66f3a865d23ade1eec55fe6f"
  },
  "unique_id": "116119",
  "product_name": "Steinofen-Pizza Schinken",
  "brand": "Trattoria Alfredo",
  "regular_price": 3.99,
  "selling_price": 3.99,
  "price_per_unit": "pro 2x330g | 100g = 0.61 CHF",
  "breadcrumb": "Sortiment > Sortiment > Steinofen-Pizza Schinken",
  "pdp_url": "https://sortiment.lidl.ch/de/steinofen-pizza-schinken-0116119",
  "product_description": "Artikelnr.: 116119",
  "producthierarchy_level1": "Sortiment",
  "producthierarchy_level2": "Sortiment",
  "producthierarchy_level3": "Steinofen-Pizza Schinken",
  "producthierarchy_level4": "",
  "producthierarchy_level5": "",
  "producthierarchy_level6": "",
  "producthierarchy_level7": "",
  "currency": "Swiss franc",
  "file_name_1": "116119_1.jpg",
  "image_url_1": "https://sortiment.lidl.ch/media/catalog/product/cache/38c728e59b3a47950872534eff8a1e63/1/1/116119_PSXX_1.jpg"
},
{
  "_id": {
    "$oid": "66f3a866d23ade1eec55fe70"
  },
  "unique_id": "63013",
  "product_name": "Picco Pizzi Schinken / Salami",
  "brand": "Trattoria Alfredo",
  "regular_price": 3.49,
  "selling_price": 3.49,
  "price_per_unit": "pro 360g | 100g = 0.97 CHF",
  "breadcrumb": "Sortiment > Sortiment > Picco Pizzi Schinken / Salami",
  "pdp_url": "https://sortiment.lidl.ch/de/picco-pizzi-schinken-salami-0063013",
  "product_description": "Artikelnr.: 63013",
  "producthierarchy_level1": "Sortiment",
  "producthierarchy_level2": "Sortiment",
  "producthierarchy_level3": "Picco Pizzi Schinken / Salami",
  "producthierarchy_level4": "",
  "producthierarchy_level5": "",
  "producthierarchy_level6": "",
  "producthierarchy_level7": "",
  "currency": "Swiss franc",
  "file_name_1": "63013_1.jpg",
  "image_url_1": "https://sortiment.lidl.ch/media/catalog/product/cache/38c728e59b3a47950872534eff8a1e63/6/3/63013_Salami_PSXX_1.jpg",
  "file_name_2": "63013_2.jpg",
  "image_url_2": "https://sortiment.lidl.ch/media/catalog/product/cache/38c728e59b3a47950872534eff8a1e63/6/3/63013_Schinken_PSXX_1.jpg"
},
{
  "_id": {
    "$oid": "66f3a867d23ade1eec55fe71"
  },
  "unique_id": "7400665",
  "product_name": "Mini Windbeutel",
  "brand": "Confiserie Firenze",
  "regular_price": 2.99,
  "selling_price": 2.99,
  "price_per_unit": "pro 250g | 100g = 1.20 CHF",
  "breadcrumb": "Sortiment > Sortiment > Mini Windbeutel",
  "pdp_url": "https://sortiment.lidl.ch/de/mini-windbeutel-7400665",
  "product_description": "Artikelnr.: 7400665",
  "producthierarchy_level1": "Sortiment",
  "producthierarchy_level2": "Sortiment",
  "producthierarchy_level3": "Mini Windbeutel",
  "producthierarchy_level4": "",
  "producthierarchy_level5": "",
  "producthierarchy_level6": "",
  "producthierarchy_level7": "",
  "currency": "Swiss franc",
  "file_name_1": "7400665_1.jpg",
  "image_url_1": "https://sortiment.lidl.ch/media/catalog/product/cache/38c728e59b3a47950872534eff8a1e63/7/4/7400665_PSXX.jpg"
},
{
  "_id": {
    "$oid": "66f3a869d23ade1eec55fe72"
  },
  "unique_id": "5107658",
  "product_name": "Laugenbrezel mit Butter",
  "brand": "Chef Select",
  "regular_price": 7.39,
  "selling_price": 7.39,
  "price_per_unit": "pro 6x70g | 100g = 1.76 CHF",
  "breadcrumb": "Sortiment > Sortiment > Laugenbrezel mit Butter",
  "pdp_url": "https://sortiment.lidl.ch/de/laugenbrezel-mit-butter-5107658",
  "product_description": "Artikelnr.: 5107658",
  "producthierarchy_level1": "Sortiment",
  "producthierarchy_level2": "Sortiment",
  "producthierarchy_level3": "Laugenbrezel mit Butter",
  "producthierarchy_level4": "",
  "producthierarchy_level5": "",
  "producthierarchy_level6": "",
  "producthierarchy_level7": "",
  "currency": "Swiss franc",
  "file_name_1": "5107658_1.jpg",
  "image_url_1": "https://sortiment.lidl.ch/media/catalog/product/cache/38c728e59b3a47950872534eff8a1e63/5/1/5107658_PSXX.jpg"
},
{
  "_id": {
    "$oid": "66f3a86ad23ade1eec55fe73"
  },
  "unique_id": "5106201",
  "product_name": "Dr. Oetker Bistro Chäschüechli",
  "brand": "Dr. Oetker",
  "regular_price": 6.89,
  "selling_price": 6.89,
  "price_per_unit": "pro 280g | 100g = 2.47 CHF",
  "breadcrumb": "Sortiment > Sortiment > Dr. Oetker Bistro Chäschüechli",
  "pdp_url": "https://sortiment.lidl.ch/de/dr-oetker-bistro-chaeschueechli-5106201",
  "product_description": "Artikelnr.: 5106201",
  "producthierarchy_level1": "Sortiment",
  "producthierarchy_level2": "Sortiment",
  "producthierarchy_level3": "Dr. Oetker Bistro Chäschüechli",
  "producthierarchy_level4": "",
  "producthierarchy_level5": "",
  "producthierarchy_level6": "",
  "producthierarchy_level7": "",
  "currency": "Swiss franc",
  "file_name_1": "5106201_1.jpg",
  "image_url_1": "https://sortiment.lidl.ch/media/catalog/product/cache/38c728e59b3a47950872534eff8a1e63/5/1/5106201_PSXX.jpg"
},
{
  "_id": {
    "$oid": "66f3a86cd23ade1eec55fe74"
  },
  "unique_id": "12474",
  "product_name": "Steinofen-Pizza Salami",
  "brand": "Trattoria Alfredo",
  "regular_price": 4.99,
  "selling_price": 4.99,
  "price_per_unit": "pro 3x350g | 100g = 0.48 CHF",
  "breadcrumb": "Sortiment > Sortiment > Steinofen-Pizza Salami",
  "pdp_url": "https://sortiment.lidl.ch/de/steinofen-pizza-salami-0012474",
  "product_description": "Artikelnr.: 12474",
  "producthierarchy_level1": "Sortiment",
  "producthierarchy_level2": "Sortiment",
  "producthierarchy_level3": "Steinofen-Pizza Salami",
  "producthierarchy_level4": "",
  "producthierarchy_level5": "",
  "producthierarchy_level6": "",
  "producthierarchy_level7": "",
  "currency": "Swiss franc",
  "file_name_1": "12474_1.jpg",
  "image_url_1": "https://sortiment.lidl.ch/media/catalog/product/cache/38c728e59b3a47950872534eff8a1e63/1/2/12474_PSXX.jpg"
},
{
  "_id": {
    "$oid": "66f3a86dd23ade1eec55fe75"
  },
  "unique_id": "12473",
  "product_name": "Steinofen-Pizza Margherita",
  "brand": "Trattoria Alfredo",
  "regular_price": 3.59,
  "selling_price": 3.59,
  "price_per_unit": "pro 3x300g | 100g = 0.40 CHF",
  "breadcrumb": "Sortiment > Sortiment > Steinofen-Pizza Margherita",
  "pdp_url": "https://sortiment.lidl.ch/de/steinofen-pizza-margherita-0012473",
  "product_description": "Artikelnr.: 12473",
  "producthierarchy_level1": "Sortiment",
  "producthierarchy_level2": "Sortiment",
  "producthierarchy_level3": "Steinofen-Pizza Margherita",
  "producthierarchy_level4": "",
  "producthierarchy_level5": "",
  "producthierarchy_level6": "",
  "producthierarchy_level7": "",
  "currency": "Swiss franc",
  "file_name_1": "12473_1.jpg",
  "image_url_1": "https://sortiment.lidl.ch/media/catalog/product/cache/38c728e59b3a47950872534eff8a1e63/1/2/12473_PSXX.jpg"
},
{
  "_id": {
    "$oid": "66f3a86ed23ade1eec55fe76"
  },
  "unique_id": "29029",
  "product_name": "Beerenmix / Erdbeeren",
  "brand": "",
  "regular_price": 3.59,
  "selling_price": 3.59,
  "price_per_unit": "pro 750g | 100g = 0.48 CHF",
  "breadcrumb": "Sortiment > Sortiment > Beerenmix / Erdbeeren",
  "pdp_url": "https://sortiment.lidl.ch/de/beerenmix-erdbeeren-0029029",
  "product_description": "Artikelnr.: 29029",
  "producthierarchy_level1": "Sortiment",
  "producthierarchy_level2": "Sortiment",
  "producthierarchy_level3": "Beerenmix / Erdbeeren",
  "producthierarchy_level4": "",
  "producthierarchy_level5": "",
  "producthierarchy_level6": "",
  "producthierarchy_level7": "",
  "currency": "Swiss franc",
  "file_name_1": "29029_1.jpg",
  "image_url_1": "https://sortiment.lidl.ch/media/catalog/product/cache/38c728e59b3a47950872534eff8a1e63/2/9/29029_Berrenmix_PSXX.jpg",
  "file_name_2": "29029_2.jpg",
  "image_url_2": "https://sortiment.lidl.ch/media/catalog/product/cache/38c728e59b3a47950872534eff8a1e63/2/9/29029_Erdbeeren_PSXX.jpg"
},
{
  "_id": {
    "$oid": "66f3a86fd23ade1eec55fe77"
  },
  "unique_id": "24686",
  "product_name": "Bio Gemüse",
  "brand": "Freshona",
  "regular_price": 3.99,
  "selling_price": 3.99,
  "price_per_unit": "pro 750g | 100g = 0.54 CHF",
  "breadcrumb": "Sortiment > Sortiment > Bio Gemüse",
  "pdp_url": "https://sortiment.lidl.ch/de/bio-gemuese-0024686",
  "product_description": "Artikelnr.: 24686",
  "producthierarchy_level1": "Sortiment",
  "producthierarchy_level2": "Sortiment",
  "producthierarchy_level3": "Bio Gemüse",
  "producthierarchy_level4": "",
  "producthierarchy_level5": "",
  "producthierarchy_level6": "",
  "producthierarchy_level7": "",
  "currency": "Swiss franc",
  "file_name_1": "24686_1.jpg",
  "image_url_1": "https://sortiment.lidl.ch/media/catalog/product/cache/38c728e59b3a47950872534eff8a1e63/2/4/24686_Blattspinat_PSXX.jpg",
  "file_name_2": "24686_2.jpg",
  "image_url_2": "https://sortiment.lidl.ch/media/catalog/product/cache/38c728e59b3a47950872534eff8a1e63/2/4/24686_Erbsen_PSXX.jpg",
  "file_name_3": "24686_3.jpg",
  "image_url_3": "https://sortiment.lidl.ch/media/catalog/product/cache/38c728e59b3a47950872534eff8a1e63/2/4/24686_Kaisergemuese_PSXX.jpg",
  "file_name_4": "24686_4.jpg",
  "image_url_4": "https://sortiment.lidl.ch/media/catalog/product/cache/38c728e59b3a47950872534eff8a1e63/2/4/24686_Sommergemuese_PSXX.jpg"
},
{
  "_id": {
    "$oid": "66f3a871d23ade1eec55fe78"
  },
  "unique_id": "2587",
  "product_name": "Schweizer Gemüse",
  "brand": "Freshona",
  "regular_price": 3.49,
  "selling_price": 3.49,
  "price_per_unit": "pro 500g, 600g | 100g = 0.70, 0.59 CHF",
  "breadcrumb": "Sortiment > Sortiment > Schweizer Gemüse",
  "pdp_url": "https://sortiment.lidl.ch/de/schweizer-gemuese-0002587",
  "product_description": "Artikelnr.: 2587",
  "producthierarchy_level1": "Sortiment",
  "producthierarchy_level2": "Sortiment",
  "producthierarchy_level3": "Schweizer Gemüse",
  "producthierarchy_level4": "",
  "producthierarchy_level5": "",
  "producthierarchy_level6": "",
  "producthierarchy_level7": "",
  "currency": "Swiss franc",
  "file_name_1": "2587_1.jpg",
  "image_url_1": "https://sortiment.lidl.ch/media/catalog/product/cache/38c728e59b3a47950872534eff8a1e63/2/5/2587_Imperiale_PSXX.jpg",
  "file_name_2": "2587_2.jpg",
  "image_url_2": "https://sortiment.lidl.ch/media/catalog/product/cache/38c728e59b3a47950872534eff8a1e63/2/5/2587_RomanescoMix_PSXX.jpg"
},
{
  "_id": {
    "$oid": "66f3a872d23ade1eec55fe79"
  },
  "unique_id": "2808",
  "product_name": "Erbsen / Erbsen & Karotten",
  "brand": "Freshona",
  "regular_price": 2.95,
  "selling_price": 2.95,
  "price_per_unit": "pro 750g, 900g | 100g = 0.40, 0.33 CHF",
  "breadcrumb": "Sortiment > Sortiment > Erbsen / Erbsen & Karotten",
  "pdp_url": "https://sortiment.lidl.ch/de/erbsen-erbsen-karotten-0002808",
  "product_description": "Artikelnr.: 2808",
  "producthierarchy_level1": "Sortiment",
  "producthierarchy_level2": "Sortiment",
  "producthierarchy_level3": "Erbsen / Erbsen & Karotten",
  "producthierarchy_level4": "",
  "producthierarchy_level5": "",
  "producthierarchy_level6": "",
  "producthierarchy_level7": "",
  "currency": "Swiss franc",
  "file_name_1": "2808_1.jpg",
  "image_url_1": "https://sortiment.lidl.ch/media/catalog/product/cache/38c728e59b3a47950872534eff8a1e63/2/8/2808_PSXX.jpg"
},
{
  "_id": {
    "$oid": "66f3a873d23ade1eec55fe7a"
  },
  "unique_id": "12134",
  "product_name": "Himbeeren",
  "brand": "",
  "regular_price": 4.99,
  "selling_price": 4.99,
  "price_per_unit": "pro 500g | 100g = 1.00 CHF",
  "breadcrumb": "Sortiment > Sortiment > Himbeeren",
  "pdp_url": "https://sortiment.lidl.ch/de/himbeeren-0012134",
  "product_description": "Artikelnr.: 12134",
  "producthierarchy_level1": "Sortiment",
  "producthierarchy_level2": "Sortiment",
  "producthierarchy_level3": "Himbeeren",
  "producthierarchy_level4": "",
  "producthierarchy_level5": "",
  "producthierarchy_level6": "",
  "producthierarchy_level7": "",
  "currency": "Swiss franc",
  "file_name_1": "12134_1.jpg",
  "image_url_1": "https://sortiment.lidl.ch/media/catalog/product/cache/38c728e59b3a47950872534eff8a1e63/1/2/12134_PSXX.jpg"
},
{
  "_id": {
    "$oid": "66f3a875d23ade1eec55fe7b"
  },
  "unique_id": "12083",
  "product_name": "Gemüsepfanne gewürzt",
  "brand": "Freshona",
  "regular_price": 2.99,
  "selling_price": 2.99,
  "price_per_unit": "pro 750g | 100g = 0.40 CHF",
  "breadcrumb": "Sortiment > Sortiment > Gemüsepfanne gewürzt",
  "pdp_url": "https://sortiment.lidl.ch/de/gemuesepfanne-gewuerzt-0012083",
  "product_description": "Artikelnr.: 12083",
  "producthierarchy_level1": "Sortiment",
  "producthierarchy_level2": "Sortiment",
  "producthierarchy_level3": "Gemüsepfanne gewürzt",
  "producthierarchy_level4": "",
  "producthierarchy_level5": "",
  "producthierarchy_level6": "",
  "producthierarchy_level7": "",
  "currency": "Swiss franc",
  "file_name_1": "12083_1.jpg",
  "image_url_1": "https://sortiment.lidl.ch/media/catalog/product/cache/38c728e59b3a47950872534eff8a1e63/1/2/12083_Asia_PSXX.jpg",
  "file_name_2": "12083_2.jpg",
  "image_url_2": "https://sortiment.lidl.ch/media/catalog/product/cache/38c728e59b3a47950872534eff8a1e63/1/2/12083_Gemuese_PSXX_1.jpg",
  "file_name_3": "12083_3.jpg",
  "image_url_3": "https://sortiment.lidl.ch/media/catalog/product/cache/38c728e59b3a47950872534eff8a1e63/1/2/12083_Italienisch_PSXX.jpg",
  "file_name_4": "12083_4.jpg",
  "image_url_4": "https://sortiment.lidl.ch/media/catalog/product/cache/38c728e59b3a47950872534eff8a1e63/1/2/12083_Mexikanisch_PSXX.jpg"
},
{
  "_id": {
    "$oid": "66f3a876d23ade1eec55fe7c"
  },
  "unique_id": "137055",
  "product_name": "Eis gestrudelt",
  "brand": "Bon Gelati",
  "regular_price": 3.49,
  "selling_price": 3.49,
  "price_per_unit": "pro 900ml | 1L = 3.88 CHF",
  "breadcrumb": "Sortiment > Sortiment > Eis gestrudelt",
  "pdp_url": "https://sortiment.lidl.ch/de/eis-gestrudelt-0137055",
  "product_description": "Artikelnr.: 137055",
  "producthierarchy_level1": "Sortiment",
  "producthierarchy_level2": "Sortiment",
  "producthierarchy_level3": "Eis gestrudelt",
  "producthierarchy_level4": "",
  "producthierarchy_level5": "",
  "producthierarchy_level6": "",
  "producthierarchy_level7": "",
  "currency": "Swiss franc",
  "file_name_1": "137055_1.jpg",
  "image_url_1": "https://sortiment.lidl.ch/media/catalog/product/cache/38c728e59b3a47950872534eff8a1e63/1/3/137055_Nocciolata_PSXX_1.jpg",
  "file_name_2": "137055_2.jpg",
  "image_url_2": "https://sortiment.lidl.ch/media/catalog/product/cache/38c728e59b3a47950872534eff8a1e63/1/3/137055_PSXX.jpg",
  "file_name_3": "137055_3.jpg",
  "image_url_3": "https://sortiment.lidl.ch/media/catalog/product/cache/38c728e59b3a47950872534eff8a1e63/1/3/137055_Tiramisu_PSXX_1.jpg"
},
{
  "_id": {
    "$oid": "66f3a878d23ade1eec55fe7d"
  },
  "unique_id": "60700",
  "product_name": "Sorbets",
  "brand": "Gelatelli",
  "regular_price": 2.89,
  "selling_price": 2.89,
  "price_per_unit": "pro 1000ml",
  "breadcrumb": "Sortiment > Sortiment > Sorbets",
  "pdp_url": "https://sortiment.lidl.ch/de/sorbets-0060700",
  "product_description": "Artikelnr.: 60700",
  "producthierarchy_level1": "Sortiment",
  "producthierarchy_level2": "Sortiment",
  "producthierarchy_level3": "Sorbets",
  "producthierarchy_level4": "",
  "producthierarchy_level5": "",
  "producthierarchy_level6": "",
  "producthierarchy_level7": "",
  "currency": "Swiss franc",
  "file_name_1": "60700_1.jpg",
  "image_url_1": "https://sortiment.lidl.ch/media/catalog/product/cache/38c728e59b3a47950872534eff8a1e63/6/0/60700_Black_Current_PSXX_1.jpg",
  "file_name_2": "60700_2.jpg",
  "image_url_2": "https://sortiment.lidl.ch/media/catalog/product/cache/38c728e59b3a47950872534eff8a1e63/6/0/60700_Lemon_PSXX_1.jpg",
  "file_name_3": "60700_3.jpg",
  "image_url_3": "https://sortiment.lidl.ch/media/catalog/product/cache/38c728e59b3a47950872534eff8a1e63/6/0/60700_Mango_PSXX.jpg"
},
{
  "_id": {
    "$oid": "66f3a879d23ade1eec55fe7e"
  },
  "unique_id": "54742",
  "product_name": "Cornets",
  "brand": "Bon Gelati",
  "regular_price": 2.09,
  "selling_price": 2.09,
  "price_per_unit": "pro 6x120ml | 1L = 2.91 CHF",
  "breadcrumb": "Sortiment > Sortiment > Cornets",
  "pdp_url": "https://sortiment.lidl.ch/de/cornets-0054742",
  "product_description": "Artikelnr.: 54742",
  "producthierarchy_level1": "Sortiment",
  "producthierarchy_level2": "Sortiment",
  "producthierarchy_level3": "Cornets",
  "producthierarchy_level4": "",
  "producthierarchy_level5": "",
  "producthierarchy_level6": "",
  "producthierarchy_level7": "",
  "currency": "Swiss franc",
  "file_name_1": "54742_1.jpg",
  "image_url_1": "https://sortiment.lidl.ch/media/catalog/product/cache/38c728e59b3a47950872534eff8a1e63/5/4/54742_Erdebeer_PSXX_1.jpg",
  "file_name_2": "54742_2.jpg",
  "image_url_2": "https://sortiment.lidl.ch/media/catalog/product/cache/38c728e59b3a47950872534eff8a1e63/5/4/54742_Schoko_PSXX.jpg"
},
{
  "_id": {
    "$oid": "66f3a87ad23ade1eec55fe7f"
  },
  "unique_id": "21900",
  "product_name": "Glace am Stiel",
  "brand": "Bon Gelati",
  "regular_price": 2.89,
  "selling_price": 2.89,
  "price_per_unit": "pro 6x120ml | 1L = 4.02 CHF",
  "breadcrumb": "Sortiment > Sortiment > Glace am Stiel",
  "pdp_url": "https://sortiment.lidl.ch/de/glace-am-stiel-0021900",
  "product_description": "Artikelnr.: 21900",
  "producthierarchy_level1": "Sortiment",
  "producthierarchy_level2": "Sortiment",
  "producthierarchy_level3": "Glace am Stiel",
  "producthierarchy_level4": "",
  "producthierarchy_level5": "",
  "producthierarchy_level6": "",
  "producthierarchy_level7": "",
  "currency": "Swiss franc",
  "file_name_1": "21900_1.jpg",
  "image_url_1": "https://sortiment.lidl.ch/media/catalog/product/cache/38c728e59b3a47950872534eff8a1e63/2/1/21900_Classic_PSXX.jpg",
  "file_name_2": "21900_2.jpg",
  "image_url_2": "https://sortiment.lidl.ch/media/catalog/product/cache/38c728e59b3a47950872534eff8a1e63/2/1/21900_Schoko_Crisp_PSXX.jpg",
  "file_name_3": "21900_3.jpg",
  "image_url_3": "https://sortiment.lidl.ch/media/catalog/product/cache/38c728e59b3a47950872534eff8a1e63/2/1/21900_White_PSXX.jpg"
},
{
  "_id": {
    "$oid": "66f3a87bd23ade1eec55fe80"
  },
  "unique_id": "36669",
  "product_name": "Crisp'N'Cake",
  "brand": "Gelatelli",
  "regular_price": 2.59,
  "selling_price": 2.59,
  "price_per_unit": "pro 600ml | 1L = 4.32 CHF",
  "breadcrumb": "Sortiment > Sortiment > Crisp'N'Cake",
  "pdp_url": "https://sortiment.lidl.ch/de/crisp-n-cake-0036669",
  "product_description": "Artikelnr.: 36669",
  "producthierarchy_level1": "Sortiment",
  "producthierarchy_level2": "Sortiment",
  "producthierarchy_level3": "Crisp'N'Cake",
  "producthierarchy_level4": "",
  "producthierarchy_level5": "",
  "producthierarchy_level6": "",
  "producthierarchy_level7": "",
  "currency": "Swiss franc",
  "file_name_1": "36669_1.jpg",
  "image_url_1": "https://sortiment.lidl.ch/media/catalog/product/cache/38c728e59b3a47950872534eff8a1e63/3/6/36669_PSXX.jpg"
},
{
  "_id": {
    "$oid": "66f3a87cd23ade1eec55fe81"
  },
  "unique_id": "27547",
  "product_name": "Mini Mix",
  "brand": "Bon Gelati",
  "regular_price": 3.99,
  "selling_price": 3.99,
  "price_per_unit": "pro 12x50ml | 1L = 6.65 CHF",
  "breadcrumb": "Sortiment > Sortiment > Mini Mix",
  "pdp_url": "https://sortiment.lidl.ch/de/mini-mix-0027547",
  "product_description": "Artikelnr.: 27547",
  "producthierarchy_level1": "Sortiment",
  "producthierarchy_level2": "Sortiment",
  "producthierarchy_level3": "Mini Mix",
  "producthierarchy_level4": "",
  "producthierarchy_level5": "",
  "producthierarchy_level6": "",
  "producthierarchy_level7": "",
  "currency": "Swiss franc",
  "file_name_1": "27547_1.jpg",
  "image_url_1": "https://sortiment.lidl.ch/media/catalog/product/cache/38c728e59b3a47950872534eff8a1e63/2/7/27547_PSXX.jpg"
},
{
  "_id": {
    "$oid": "66f3a87dd23ade1eec55fe82"
  },
  "unique_id": "21932",
  "product_name": "Mandel Glace",
  "brand": "Bon Gelati",
  "regular_price": 2.89,
  "selling_price": 2.89,
  "price_per_unit": "pro 6x120ml | 1L = 4.02 CHF",
  "breadcrumb": "Sortiment > Sortiment > Mandel Glace",
  "pdp_url": "https://sortiment.lidl.ch/de/mandel-glace-0021932",
  "product_description": "Artikelnr.: 21932",
  "producthierarchy_level1": "Sortiment",
  "producthierarchy_level2": "Sortiment",
  "producthierarchy_level3": "Mandel Glace",
  "producthierarchy_level4": "",
  "producthierarchy_level5": "",
  "producthierarchy_level6": "",
  "producthierarchy_level7": "",
  "currency": "Swiss franc",
  "file_name_1": "21932_1.jpg",
  "image_url_1": "https://sortiment.lidl.ch/media/catalog/product/cache/38c728e59b3a47950872534eff8a1e63/2/1/21932_Almond_PSXX.jpg"
},
{
  "_id": {
    "$oid": "66f3a87ed23ade1eec55fe83"
  },
  "unique_id": "13144",
  "product_name": "Pastagerichte",
  "brand": "Culinea",
  "regular_price": 3.75,
  "selling_price": 3.75,
  "price_per_unit": "pro 750g | 100g = 0.50 CHF",
  "breadcrumb": "Sortiment > Sortiment > Pastagerichte",
  "pdp_url": "https://sortiment.lidl.ch/de/pastagerichte-0013144",
  "product_description": "Artikelnr.: 13144",
  "producthierarchy_level1": "Sortiment",
  "producthierarchy_level2": "Sortiment",
  "producthierarchy_level3": "Pastagerichte",
  "producthierarchy_level4": "",
  "producthierarchy_level5": "",
  "producthierarchy_level6": "",
  "producthierarchy_level7": "",
  "currency": "Swiss franc",
  "file_name_1": "13144_1.jpg",
  "image_url_1": "https://sortiment.lidl.ch/media/catalog/product/cache/38c728e59b3a47950872534eff8a1e63/1/3/13144_Arrabbiata_PSXX.jpg",
  "file_name_2": "13144_2.jpg",
  "image_url_2": "https://sortiment.lidl.ch/media/catalog/product/cache/38c728e59b3a47950872534eff8a1e63/1/3/13144_Bolognese_PSXX.jpg",
  "file_name_3": "13144_3.jpg",
  "image_url_3": "https://sortiment.lidl.ch/media/catalog/product/cache/38c728e59b3a47950872534eff8a1e63/1/3/13144_Gorgonzola_PSXX_1.jpg",
  "file_name_4": "13144_4.jpg",
  "image_url_4": "https://sortiment.lidl.ch/media/catalog/product/cache/38c728e59b3a47950872534eff8a1e63/1/3/13144_Ricotta_Spinach_PSXX.jpg",
  "file_name_5": "13144_5.jpg",
  "image_url_5": "https://sortiment.lidl.ch/media/catalog/product/cache/38c728e59b3a47950872534eff8a1e63/1/3/13144_Tomato_Spinach_PSXX.jpg"
},
{
  "_id": {
    "$oid": "66f3a87fd23ade1eec55fe84"
  },
  "unique_id": "2856",
  "product_name": "Findus Lasagne / Cannelloni",
  "brand": "Findus",
  "regular_price": 7.59,
  "selling_price": 7.59,
  "price_per_unit": "pro 600g | 100g = 1.27 CHF",
  "breadcrumb": "Sortiment > Sortiment > Findus Lasagne / Cannelloni",
  "pdp_url": "https://sortiment.lidl.ch/de/findus-lasagne-cannelloni-0002856",
  "product_description": "Artikelnr.: 2856",
  "producthierarchy_level1": "Sortiment",
  "producthierarchy_level2": "Sortiment",
  "producthierarchy_level3": "Findus Lasagne / Cannelloni",
  "producthierarchy_level4": "",
  "producthierarchy_level5": "",
  "producthierarchy_level6": "",
  "producthierarchy_level7": "",
  "currency": "Swiss franc",
  "file_name_1": "2856_1.jpg",
  "image_url_1": "https://sortiment.lidl.ch/media/catalog/product/cache/38c728e59b3a47950872534eff8a1e63/2/8/2856_Canneloni_PSXX.jpg",
  "file_name_2": "2856_2.jpg",
  "image_url_2": "https://sortiment.lidl.ch/media/catalog/product/cache/38c728e59b3a47950872534eff8a1e63/2/8/2856_PSXX.jpg"
},
{
  "_id": {
    "$oid": "66f3a881d23ade1eec55fe85"
  },
  "unique_id": "5103015",
  "product_name": "Diverse Kartoffelbeilagen",
  "brand": "Harvest Basket",
  "regular_price": 3.99,
  "selling_price": 3.99,
  "price_per_unit": "pro 550g, 600g, 750g | 100g = 0.73, 0.67, 0.54 CHF",
  "breadcrumb": "Sortiment > Sortiment > Diverse Kartoffelbeilagen",
  "pdp_url": "https://sortiment.lidl.ch/de/diverse-kartoffelbeilagen-5103015",
  "product_description": "Artikelnr.: 5103015",
  "producthierarchy_level1": "Sortiment",
  "producthierarchy_level2": "Sortiment",
  "producthierarchy_level3": "Diverse Kartoffelbeilagen",
  "producthierarchy_level4": "",
  "producthierarchy_level5": "",
  "producthierarchy_level6": "",
  "producthierarchy_level7": "",
  "currency": "Swiss franc",
  "file_name_1": "5103015_1.jpg",
  "image_url_1": "https://sortiment.lidl.ch/media/catalog/product/cache/38c728e59b3a47950872534eff8a1e63/5/1/5103015_HarvestBasket_Noisettes_PSXX.jpg",
  "file_name_2": "5103015_2.jpg",
  "image_url_2": "https://sortiment.lidl.ch/media/catalog/product/cache/38c728e59b3a47950872534eff8a1e63/5/1/5103015_HarvestBasket_Rissolees_Kadi_PSXX.jpg",
  "file_name_3": "5103015_3.jpg",
  "image_url_3": "https://sortiment.lidl.ch/media/catalog/product/cache/38c728e59b3a47950872534eff8a1e63/5/1/5103015_Harvestbasket_Duchesses_PSXX.jpg"
},
{
  "_id": {
    "$oid": "66f3a882d23ade1eec55fe86"
  },
  "unique_id": "5105769",
  "product_name": "Pommes Frites",
  "brand": "Harvest Basket",
  "regular_price": 4.89,
  "selling_price": 3.99,
  "price_per_unit": "pro 1kg",
  "breadcrumb": "Sortiment > Sortiment > Pommes Frites",
  "pdp_url": "https://sortiment.lidl.ch/de/pommes-frites-5105769",
  "product_description": "Artikelnr.: 5105769",
  "producthierarchy_level1": "Sortiment",
  "producthierarchy_level2": "Sortiment",
  "producthierarchy_level3": "Pommes Frites",
  "producthierarchy_level4": "",
  "producthierarchy_level5": "",
  "producthierarchy_level6": "",
  "producthierarchy_level7": "",
  "currency": "Swiss franc",
  "file_name_1": "5105769_1.jpg",
  "image_url_1": "https://sortiment.lidl.ch/media/catalog/product/cache/38c728e59b3a47950872534eff8a1e63/5/1/5105769_PSXX_4.jpg"
},
{
  "_id": {
    "$oid": "66f3a883d23ade1eec55fe87"
  },
  "unique_id": "5105768",
  "product_name": "Pommes Frites",
  "brand": "Harvest Basket",
  "regular_price": 6.49,
  "selling_price": 6.49,
  "price_per_unit": "pro 1400g | 100g = 0.47 CHF",
  "breadcrumb": "Sortiment > Sortiment > Pommes Frites",
  "pdp_url": "https://sortiment.lidl.ch/de/pommes-frites-5105768",
  "product_description": "Artikelnr.: 5105768",
  "producthierarchy_level1": "Sortiment",
  "producthierarchy_level2": "Sortiment",
  "producthierarchy_level3": "Pommes Frites",
  "producthierarchy_level4": "",
  "producthierarchy_level5": "",
  "producthierarchy_level6": "",
  "producthierarchy_level7": "",
  "currency": "Swiss franc",
  "file_name_1": "5105768_1.jpg",
  "image_url_1": "https://sortiment.lidl.ch/media/catalog/product/cache/38c728e59b3a47950872534eff8a1e63/5/1/5105768_PSXX_1.jpg"
},
{
  "_id": {
    "$oid": "66f3a885d23ade1eec55fe88"
  },
  "unique_id": "5105767",
  "product_name": "Wellenschnitt Pommes Frites",
  "brand": "Harvest Basket",
  "regular_price": 4.15,
  "selling_price": 4.15,
  "price_per_unit": "pro 900g | 100g = 0.47 CHF",
  "breadcrumb": "Sortiment > Sortiment > Wellenschnitt Pommes Frites",
  "pdp_url": "https://sortiment.lidl.ch/de/wellenschnitt-pommes-frites-5105767",
  "product_description": "Artikelnr.: 5105767",
  "producthierarchy_level1": "Sortiment",
  "producthierarchy_level2": "Sortiment",
  "producthierarchy_level3": "Wellenschnitt Pommes Frites",
  "producthierarchy_level4": "",
  "producthierarchy_level5": "",
  "producthierarchy_level6": "",
  "producthierarchy_level7": "",
  "currency": "Swiss franc",
  "file_name_1": "5105767_1.jpg",
  "image_url_1": "https://sortiment.lidl.ch/media/catalog/product/cache/38c728e59b3a47950872534eff8a1e63/5/1/5105767_Pommes_Wellenschnitt_PSXX.jpg"
},
{
  "_id": {
    "$oid": "66f3a886d23ade1eec55fe89"
  },
  "unique_id": "11314",
  "product_name": "Potato Wedges",
  "brand": "Harvest Basket",
  "regular_price": 3.75,
  "selling_price": 3.75,
  "price_per_unit": "pro 750g | 100g = 0.50 CHF",
  "breadcrumb": "Sortiment > Sortiment > Potato Wedges",
  "pdp_url": "https://sortiment.lidl.ch/de/potato-wedges-0011314",
  "product_description": "Artikelnr.: 11314",
  "producthierarchy_level1": "Sortiment",
  "producthierarchy_level2": "Sortiment",
  "producthierarchy_level3": "Potato Wedges",
  "producthierarchy_level4": "",
  "producthierarchy_level5": "",
  "producthierarchy_level6": "",
  "producthierarchy_level7": "",
  "currency": "Swiss franc",
  "file_name_1": "11314_1.jpg",
  "image_url_1": "https://sortiment.lidl.ch/media/catalog/product/cache/38c728e59b3a47950872534eff8a1e63/1/1/11314_PSXX.jpg",
  "file_name_2": "11314_2.jpg",
  "image_url_2": "https://sortiment.lidl.ch/media/catalog/product/cache/38c728e59b3a47950872534eff8a1e63/1/1/11314_seitlich_PSXX.jpg"
},
{
  "_id": {
    "$oid": "66f3a887d23ade1eec55fe8a"
  },
  "unique_id": "5103993",
  "product_name": "Geflügellyoner am Stück",
  "brand": "Maestade",
  "regular_price": 2.19,
  "selling_price": 2.19,
  "price_per_unit": "pro 300g | 100g = 0.73 CHF",
  "breadcrumb": "Sortiment > Sortiment > Geflügellyoner am Stück",
  "pdp_url": "https://sortiment.lidl.ch/de/gefluegellyoner-am-stueck-5103993",
  "product_description": "Artikelnr.: 5103993",
  "producthierarchy_level1": "Sortiment",
  "producthierarchy_level2": "Sortiment",
  "producthierarchy_level3": "Geflügellyoner am Stück",
  "producthierarchy_level4": "",
  "producthierarchy_level5": "",
  "producthierarchy_level6": "",
  "producthierarchy_level7": "",
  "currency": "Swiss franc",
  "file_name_1": "5103993_1.jpg",
  "image_url_1": "https://sortiment.lidl.ch/media/catalog/product/cache/38c728e59b3a47950872534eff8a1e63/5/1/5103993_FKBF__1.jpg"
},
{
  "_id": {
    "$oid": "66f3a888d23ade1eec55fe8b"
  },
  "unique_id": "5101209",
  "product_name": "Rohschinken Anschnitte",
  "brand": "Maestade",
  "regular_price": 2.45,
  "selling_price": 2.45,
  "price_per_unit": "pro 100g",
  "breadcrumb": "Sortiment > Sortiment > Rohschinken Anschnitte",
  "pdp_url": "https://sortiment.lidl.ch/de/rohschinken-anschnitte-5101209",
  "product_description": "Artikelnr.: 5101209",
  "producthierarchy_level1": "Sortiment",
  "producthierarchy_level2": "Sortiment",
  "producthierarchy_level3": "Rohschinken Anschnitte",
  "producthierarchy_level4": "",
  "producthierarchy_level5": "",
  "producthierarchy_level6": "",
  "producthierarchy_level7": "",
  "currency": "Swiss franc",
  "file_name_1": "5101209_1.jpg",
  "image_url_1": "https://sortiment.lidl.ch/media/catalog/product/cache/38c728e59b3a47950872534eff8a1e63/5/1/5101209_FKBF.jpg",
  "file_name_2": "5101209_2.jpg",
  "image_url_2": "https://sortiment.lidl.ch/media/catalog/product/cache/38c728e59b3a47950872534eff8a1e63/5/1/5101209_PSXX.jpg"
},
{
  "_id": {
    "$oid": "66f3a88ad23ade1eec55fe8c"
  },
  "unique_id": "137111",
  "product_name": "Trutenbrust getrocknet",
  "brand": "Dulano",
  "regular_price": 2.79,
  "selling_price": 2.79,
  "price_per_unit": "pro 70g | 100g = 3.99 CHF",
  "breadcrumb": "Sortiment > Sortiment > Trutenbrust getrocknet",
  "pdp_url": "https://sortiment.lidl.ch/de/trutenbrust-getrocknet-0137111",
  "product_description": "Artikelnr.: 137111",
  "producthierarchy_level1": "Sortiment",
  "producthierarchy_level2": "Sortiment",
  "producthierarchy_level3": "Trutenbrust getrocknet",
  "producthierarchy_level4": "",
  "producthierarchy_level5": "",
  "producthierarchy_level6": "",
  "producthierarchy_level7": "",
  "currency": "Swiss franc",
  "file_name_1": "137111_1.jpg",
  "image_url_1": "https://sortiment.lidl.ch/media/catalog/product/cache/38c728e59b3a47950872534eff8a1e63/1/3/137111_FKBF.jpg"
},
{
  "_id": {
    "$oid": "66f3a88bd23ade1eec55fe8d"
  },
  "unique_id": "5107883",
  "product_name": "Mostbröckli",
  "brand": "Dulano Selection",
  "regular_price": 5.49,
  "selling_price": 5.49,
  "price_per_unit": "pro 100g",
  "breadcrumb": "Sortiment > Sortiment > Mostbröckli",
  "pdp_url": "https://sortiment.lidl.ch/de/mostbroeckli-5107883",
  "product_description": "Artikelnr.: 5107883",
  "producthierarchy_level1": "Sortiment",
  "producthierarchy_level2": "Sortiment",
  "producthierarchy_level3": "Mostbröckli",
  "producthierarchy_level4": "",
  "producthierarchy_level5": "",
  "producthierarchy_level6": "",
  "producthierarchy_level7": "",
  "currency": "Swiss franc",
  "file_name_1": "5107883_1.jpg",
  "image_url_1": "https://sortiment.lidl.ch/media/catalog/product/cache/38c728e59b3a47950872534eff8a1e63/5/1/5107883_FKBF.jpg",
  "file_name_2": "5107883_2.jpg",
  "image_url_2": "https://sortiment.lidl.ch/media/catalog/product/cache/38c728e59b3a47950872534eff8a1e63/5/1/5107883_PSXX.jpg"
},
{
  "_id": {
    "$oid": "66f3a88cd23ade1eec55fe8e"
  },
  "unique_id": "5107511",
  "product_name": "Bratspeck",
  "brand": "Maestade",
  "regular_price": 3.49,
  "selling_price": 3.49,
  "price_per_unit": "pro 140g | 100g = 2.50 CHF",
  "breadcrumb": "Sortiment > Sortiment > Bratspeck",
  "pdp_url": "https://sortiment.lidl.ch/de/bratspeck-5107511",
  "product_description": "Artikelnr.: 5107511",
  "producthierarchy_level1": "Sortiment",
  "producthierarchy_level2": "Sortiment",
  "producthierarchy_level3": "Bratspeck",
  "producthierarchy_level4": "",
  "producthierarchy_level5": "",
  "producthierarchy_level6": "",
  "producthierarchy_level7": "",
  "currency": "Swiss franc",
  "file_name_1": "5107511_1.jpg",
  "image_url_1": "https://sortiment.lidl.ch/media/catalog/product/cache/38c728e59b3a47950872534eff8a1e63/5/1/5107511_FKBF_3.jpg",
  "file_name_2": "5107511_2.jpg",
  "image_url_2": "https://sortiment.lidl.ch/media/catalog/product/cache/38c728e59b3a47950872534eff8a1e63/5/1/5107511_PSXX.jpg"
},
{
  "_id": {
    "$oid": "66f3a88dd23ade1eec55fe8f"
  },
  "unique_id": "5105614",
  "product_name": "Bündner Rohschinken",
  "brand": "Maestade typisch",
  "regular_price": 3.49,
  "selling_price": 3.49,
  "price_per_unit": "pro 90g | 100g = 3.88 CHF",
  "breadcrumb": "Sortiment > Sortiment > Bündner Rohschinken",
  "pdp_url": "https://sortiment.lidl.ch/de/buendner-rohschinken-5105614",
  "product_description": "Artikelnr.: 5105614 hauchdünn",
  "producthierarchy_level1": "Sortiment",
  "producthierarchy_level2": "Sortiment",
  "producthierarchy_level3": "Bündner Rohschinken",
  "producthierarchy_level4": "",
  "producthierarchy_level5": "",
  "producthierarchy_level6": "",
  "producthierarchy_level7": "",
  "currency": "Swiss franc",
  "file_name_1": "5105614_1.jpg",
  "image_url_1": "https://sortiment.lidl.ch/media/amasty/amoptmobile/catalog/product/cache/38c728e59b3a47950872534eff8a1e63/5/1/5105614_FKBF_4.jpg",
  "file_name_2": "5105614_2.jpg",
  "image_url_2": "https://sortiment.lidl.ch/media/catalog/product/cache/38c728e59b3a47950872534eff8a1e63/5/1/5105614_PSXX.jpg"
},
{
  "_id": {
    "$oid": "66f3a88ed23ade1eec55fe90"
  },
  "unique_id": "62325",
  "product_name": "Jamón Serrano Gran Reserva",
  "brand": "Deluxe",
  "regular_price": 4.79,
  "selling_price": 4.79,
  "price_per_unit": "pro 80g | 100g = 5.99 CHF",
  "breadcrumb": "Sortiment > Sortiment > Jamón Serrano Gran Reserva",
  "pdp_url": "https://sortiment.lidl.ch/de/jamon-serrano-gran-reserva-0062325",
  "product_description": "Artikelnr.: 62325",
  "producthierarchy_level1": "Sortiment",
  "producthierarchy_level2": "Sortiment",
  "producthierarchy_level3": "Jamón Serrano Gran Reserva",
  "producthierarchy_level4": "",
  "producthierarchy_level5": "",
  "producthierarchy_level6": "",
  "producthierarchy_level7": "",
  "currency": "Swiss franc",
  "file_name_1": "62325_1.jpg",
  "image_url_1": "https://sortiment.lidl.ch/media/catalog/product/cache/38c728e59b3a47950872534eff8a1e63/6/2/62325_FKBF.jpg",
  "file_name_2": "62325_2.jpg",
  "image_url_2": "https://sortiment.lidl.ch/media/catalog/product/cache/38c728e59b3a47950872534eff8a1e63/6/2/62325_PSXX.jpg"
},
{
  "_id": {
    "$oid": "66f3a890d23ade1eec55fe91"
  },
  "unique_id": "58089",
  "product_name": "Bresaola della Valtellina",
  "brand": "Dulano Selection",
  "regular_price": 4.75,
  "selling_price": 3.25,
  "price_per_unit": "pro 80g | 100g = 4.07 CHF",
  "breadcrumb": "Sortiment > Sortiment > Bresaola della Valtellina",
  "pdp_url": "https://sortiment.lidl.ch/de/bresaola-della-valtellina-0058089",
  "product_description": "Artikelnr.: 58089",
  "producthierarchy_level1": "Sortiment",
  "producthierarchy_level2": "Sortiment",
  "producthierarchy_level3": "Bresaola della Valtellina",
  "producthierarchy_level4": "",
  "producthierarchy_level5": "",
  "producthierarchy_level6": "",
  "producthierarchy_level7": "",
  "currency": "Swiss franc",
  "file_name_1": "58089_1.jpg",
  "image_url_1": "https://sortiment.lidl.ch/media/catalog/product/cache/38c728e59b3a47950872534eff8a1e63/5/8/58089_FKBF.jpg",
  "file_name_2": "58089_2.jpg",
  "image_url_2": "https://sortiment.lidl.ch/media/catalog/product/cache/38c728e59b3a47950872534eff8a1e63/5/8/58089_PSXX.jpg"
},
{
  "_id": {
    "$oid": "66f3a891d23ade1eec55fe92"
  },
  "unique_id": "58068",
  "product_name": "Coppa Stagionata",
  "brand": "Dulano Selection",
  "regular_price": 4.79,
  "selling_price": 4.79,
  "price_per_unit": "pro 120g | 100g = 4.00 CHF",
  "breadcrumb": "Sortiment > Sortiment > Coppa Stagionata",
  "pdp_url": "https://sortiment.lidl.ch/de/coppa-stagionata-0058068",
  "product_description": "Artikelnr.: 58068",
  "producthierarchy_level1": "Sortiment",
  "producthierarchy_level2": "Sortiment",
  "producthierarchy_level3": "Coppa Stagionata",
  "producthierarchy_level4": "",
  "producthierarchy_level5": "",
  "producthierarchy_level6": "",
  "producthierarchy_level7": "",
  "currency": "Swiss franc",
  "file_name_1": "58068_1.jpg",
  "image_url_1": "https://sortiment.lidl.ch/media/catalog/product/cache/38c728e59b3a47950872534eff8a1e63/5/8/58068_FKBF.jpg"
},
{
  "_id": {
    "$oid": "66f3a892d23ade1eec55fe93"
  },
  "unique_id": "37350",
  "product_name": "Südtiroler Speck IGP",
  "brand": "Dulano Selection",
  "regular_price": 3.99,
  "selling_price": 3.99,
  "price_per_unit": "pro 100g",
  "breadcrumb": "Sortiment > Sortiment > Südtiroler Speck IGP",
  "pdp_url": "https://sortiment.lidl.ch/de/suedtiroler-speck-igp-0037350",
  "product_description": "Artikelnr.: 37350",
  "producthierarchy_level1": "Sortiment",
  "producthierarchy_level2": "Sortiment",
  "producthierarchy_level3": "Südtiroler Speck IGP",
  "producthierarchy_level4": "",
  "producthierarchy_level5": "",
  "producthierarchy_level6": "",
  "producthierarchy_level7": "",
  "currency": "Swiss franc",
  "file_name_1": "37350_1.jpg",
  "image_url_1": "https://sortiment.lidl.ch/media/catalog/product/cache/38c728e59b3a47950872534eff8a1e63/3/7/37350_FKBF.jpg"
},
{
  "_id": {
    "$oid": "66f3a893d23ade1eec55fe94"
  },
  "unique_id": "11813",
  "product_name": "Jamón Serrano",
  "brand": "Dulano Selection",
  "regular_price": 3.49,
  "selling_price": 3.49,
  "price_per_unit": "pro 100g",
  "breadcrumb": "Sortiment > Sortiment > Jamón Serrano",
  "pdp_url": "https://sortiment.lidl.ch/de/jamon-serrano-0011813",
  "product_description": "Artikelnr.: 11813",
  "producthierarchy_level1": "Sortiment",
  "producthierarchy_level2": "Sortiment",
  "producthierarchy_level3": "Jamón Serrano",
  "producthierarchy_level4": "",
  "producthierarchy_level5": "",
  "producthierarchy_level6": "",
  "producthierarchy_level7": "",
  "currency": "Swiss franc",
  "file_name_1": "11813_1.jpg",
  "image_url_1": "https://sortiment.lidl.ch/media/catalog/product/cache/38c728e59b3a47950872534eff8a1e63/1/1/11813_FKBF.jpg",
  "file_name_2": "11813_2.jpg",
  "image_url_2": "https://sortiment.lidl.ch/media/catalog/product/cache/38c728e59b3a47950872534eff8a1e63/1/1/11813_PSXX.jpg"
},
{
  "_id": {
    "$oid": "66f3a894d23ade1eec55fe95"
  },
  "unique_id": "2443",
  "product_name": "Rauchmöckli",
  "brand": "Maestade",
  "regular_price": 3.59,
  "selling_price": 2.89,
  "price_per_unit": "pro 90g | 100g = 3.22 CHF",
  "breadcrumb": "Sortiment > Sortiment > Rauchmöckli",
  "pdp_url": "https://sortiment.lidl.ch/de/rauchmoeckli-0002443",
  "product_description": "Artikelnr.: 2443",
  "producthierarchy_level1": "Sortiment",
  "producthierarchy_level2": "Sortiment",
  "producthierarchy_level3": "Rauchmöckli",
  "producthierarchy_level4": "",
  "producthierarchy_level5": "",
  "producthierarchy_level6": "",
  "producthierarchy_level7": "",
  "currency": "Swiss franc",
  "file_name_1": "2443_1.jpg",
  "image_url_1": "https://sortiment.lidl.ch/media/catalog/product/cache/38c728e59b3a47950872534eff8a1e63/2/4/2443_FKBF.jpg",
  "file_name_2": "2443_2.jpg",
  "image_url_2": "https://sortiment.lidl.ch/media/catalog/product/cache/38c728e59b3a47950872534eff8a1e63/2/4/2443_PSXX.jpg"
},
{
  "_id": {
    "$oid": "66f3a895d23ade1eec55fe96"
  },
  "unique_id": "2055",
  "product_name": "Speckwürfeli",
  "brand": "Maestade",
  "regular_price": 2.55,
  "selling_price": 1.99,
  "price_per_unit": "pro 2x100g | 100g = 1.00 CHF",
  "breadcrumb": "Sortiment > Sortiment > Speckwürfeli",
  "pdp_url": "https://sortiment.lidl.ch/de/speckwuerfeli-0002055",
  "product_description": "Artikelnr.: 2055",
  "producthierarchy_level1": "Sortiment",
  "producthierarchy_level2": "Sortiment",
  "producthierarchy_level3": "Speckwürfeli",
  "producthierarchy_level4": "",
  "producthierarchy_level5": "",
  "producthierarchy_level6": "",
  "producthierarchy_level7": "",
  "currency": "Swiss franc",
  "file_name_1": "2055_1.jpg",
  "image_url_1": "https://sortiment.lidl.ch/media/catalog/product/cache/38c728e59b3a47950872534eff8a1e63/2/0/2055_FKBF.jpg",
  "file_name_2": "2055_2.jpg",
  "image_url_2": "https://sortiment.lidl.ch/media/catalog/product/cache/38c728e59b3a47950872534eff8a1e63/2/0/2055_PSXX.jpg"
},
{
  "_id": {
    "$oid": "66f3a897d23ade1eec55fe97"
  },
  "unique_id": "1365",
  "product_name": "Bratspeck",
  "brand": "Maestade",
  "regular_price": 3.95,
  "selling_price": 3.95,
  "price_per_unit": "pro 200g | 100g = 1.98 CHF",
  "breadcrumb": "Sortiment > Sortiment > Bratspeck",
  "pdp_url": "https://sortiment.lidl.ch/de/bratspeck-0001365",
  "product_description": "Artikelnr.: 1365",
  "producthierarchy_level1": "Sortiment",
  "producthierarchy_level2": "Sortiment",
  "producthierarchy_level3": "Bratspeck",
  "producthierarchy_level4": "",
  "producthierarchy_level5": "",
  "producthierarchy_level6": "",
  "producthierarchy_level7": "",
  "currency": "Swiss franc",
  "file_name_1": "1365_1.jpg",
  "image_url_1": "https://sortiment.lidl.ch/media/catalog/product/cache/38c728e59b3a47950872534eff8a1e63/1/3/1365_FKBF.jpg",
  "file_name_2": "1365_2.jpg",
  "image_url_2": "https://sortiment.lidl.ch/media/catalog/product/cache/38c728e59b3a47950872534eff8a1e63/1/3/1365_PSXX.jpg"
},
{
  "_id": {
    "$oid": "66f3a898d23ade1eec55fe98"
  },
  "unique_id": "5107895",
  "product_name": "Schinken hauchdünn",
  "brand": "Maestade",
  "regular_price": 3.29,
  "selling_price": 3.29,
  "price_per_unit": "pro 100g",
  "breadcrumb": "Sortiment > Sortiment > Schinken hauchdünn",
  "pdp_url": "https://sortiment.lidl.ch/de/schinken-hauchduenn-5107895",
  "product_description": "Artikelnr.: 5107895",
  "producthierarchy_level1": "Sortiment",
  "producthierarchy_level2": "Sortiment",
  "producthierarchy_level3": "Schinken hauchdünn",
  "producthierarchy_level4": "",
  "producthierarchy_level5": "",
  "producthierarchy_level6": "",
  "producthierarchy_level7": "",
  "currency": "Swiss franc",
  "file_name_1": "5107895_1.jpg",
  "image_url_1": "https://sortiment.lidl.ch/media/catalog/product/cache/38c728e59b3a47950872534eff8a1e63/5/1/5107895_geraeuchert_PSXX.jpg",
  "file_name_2": "5107895_2.jpg",
  "image_url_2": "https://sortiment.lidl.ch/media/catalog/product/cache/38c728e59b3a47950872534eff8a1e63/5/1/5107895_gerauchert_FKBF.jpg",
  "file_name_3": "5107895_3.jpg",
  "image_url_3": "https://sortiment.lidl.ch/media/catalog/product/cache/38c728e59b3a47950872534eff8a1e63/5/1/5107895_original_PSXX.jpg"
},
{
  "_id": {
    "$oid": "66f3a899d23ade1eec55fe99"
  },
  "unique_id": "5104609",
  "product_name": "Schweizer Pouletbrust",
  "brand": "Maestade",
  "regular_price": 2.59,
  "selling_price": 2.59,
  "price_per_unit": "pro 90g | 100g = 2.88 CHF",
  "breadcrumb": "Sortiment > Sortiment > Schweizer Pouletbrust",
  "pdp_url": "https://sortiment.lidl.ch/de/schweizer-pouletbrust-5104609",
  "product_description": "Artikelnr.: 5104609",
  "producthierarchy_level1": "Sortiment",
  "producthierarchy_level2": "Sortiment",
  "producthierarchy_level3": "Schweizer Pouletbrust",
  "producthierarchy_level4": "",
  "producthierarchy_level5": "",
  "producthierarchy_level6": "",
  "producthierarchy_level7": "",
  "currency": "Swiss franc",
  "file_name_1": "5104609_1.jpg",
  "image_url_1": "https://sortiment.lidl.ch/media/catalog/product/cache/38c728e59b3a47950872534eff8a1e63/5/1/5104609_Classic_PSXX.jpg",
  "file_name_2": "5104609_2.jpg",
  "image_url_2": "https://sortiment.lidl.ch/media/catalog/product/cache/38c728e59b3a47950872534eff8a1e63/5/1/5104609_Natur_FKBF_1.jpg",
  "file_name_3": "5104609_3.jpg",
  "image_url_3": "https://sortiment.lidl.ch/media/catalog/product/cache/38c728e59b3a47950872534eff8a1e63/5/1/5104609_Sweet_Chili_PSXX.jpg"
},
{
  "_id": {
    "$oid": "66f3a89ad23ade1eec55fe9a"
  },
  "unique_id": "55147",
  "product_name": "Geflügelaufschnitt hauchdünn",
  "brand": "Dulano",
  "regular_price": 3.45,
  "selling_price": 3.45,
  "price_per_unit": "pro 200g | 100g = 1.73 CHF",
  "breadcrumb": "Sortiment > Sortiment > Geflügelaufschnitt hauchdünn",
  "pdp_url": "https://sortiment.lidl.ch/de/gefluegelaufschnitt-hauchduenn-0055147",
  "product_description": "Artikelnr.: 55147",
  "producthierarchy_level1": "Sortiment",
  "producthierarchy_level2": "Sortiment",
  "producthierarchy_level3": "Geflügelaufschnitt hauchdünn",
  "producthierarchy_level4": "",
  "producthierarchy_level5": "",
  "producthierarchy_level6": "",
  "producthierarchy_level7": "",
  "currency": "Swiss franc",
  "file_name_1": "55147_1.jpg",
  "image_url_1": "https://sortiment.lidl.ch/media/catalog/product/cache/38c728e59b3a47950872534eff8a1e63/5/5/55147_Poulet_PSXX.jpg",
  "file_name_2": "55147_2.jpg",
  "image_url_2": "https://sortiment.lidl.ch/media/catalog/product/cache/38c728e59b3a47950872534eff8a1e63/5/5/55147_Poulet_Trute_FKBF.jpg",
  "file_name_3": "55147_3.jpg",
  "image_url_3": "https://sortiment.lidl.ch/media/catalog/product/cache/38c728e59b3a47950872534eff8a1e63/5/5/55147_Truten_PSXX.jpg"
},
{
  "_id": {
    "$oid": "66f3a89bd23ade1eec55fe9b"
  },
  "unique_id": "5106723",
  "product_name": "Trutenbrust",
  "brand": "Dulano",
  "regular_price": 1.79,
  "selling_price": 1.79,
  "price_per_unit": "pro 100g",
  "breadcrumb": "Sortiment > Sortiment > Trutenbrust",
  "pdp_url": "https://sortiment.lidl.ch/de/trutenbrust-5106723",
  "product_description": "Artikelnr.: 5106723",
  "producthierarchy_level1": "Sortiment",
  "producthierarchy_level2": "Sortiment",
  "producthierarchy_level3": "Trutenbrust",
  "producthierarchy_level4": "",
  "producthierarchy_level5": "",
  "producthierarchy_level6": "",
  "producthierarchy_level7": "",
  "currency": "Swiss franc",
  "file_name_1": "5106723_1.jpg",
  "image_url_1": "https://sortiment.lidl.ch/media/catalog/product/cache/38c728e59b3a47950872534eff8a1e63/5/1/5106723_Curry_FKBF.jpg",
  "file_name_2": "5106723_2.jpg",
  "image_url_2": "https://sortiment.lidl.ch/media/catalog/product/cache/38c728e59b3a47950872534eff8a1e63/5/1/5106723_Curry_PSXX.jpg",
  "file_name_3": "5106723_3.jpg",
  "image_url_3": "https://sortiment.lidl.ch/media/catalog/product/cache/38c728e59b3a47950872534eff8a1e63/5/1/5106723_FKBF_4.jpg",
  "file_name_4": "5106723_4.jpg",
  "image_url_4": "https://sortiment.lidl.ch/media/catalog/product/cache/38c728e59b3a47950872534eff8a1e63/5/1/5106723_Geraeuchert_FKBF.jpg",
  "file_name_5": "5106723_5.jpg",
  "image_url_5": "https://sortiment.lidl.ch/media/catalog/product/cache/38c728e59b3a47950872534eff8a1e63/5/1/5106723_Geraeuchert_PSXX.jpg"
},
{
  "_id": {
    "$oid": "66f3a89cd23ade1eec55fe9c"
  },
  "unique_id": "5106947",
  "product_name": "Hinterschinken",
  "brand": "Maestade",
  "regular_price": 4.25,
  "selling_price": 4.25,
  "price_per_unit": "pro 160g | 100g = 2.66 CHF",
  "breadcrumb": "Sortiment > Sortiment > Hinterschinken",
  "pdp_url": "https://sortiment.lidl.ch/de/hinterschinken-5106947",
  "product_description": "Artikelnr.: 5106947",
  "producthierarchy_level1": "Sortiment",
  "producthierarchy_level2": "Sortiment",
  "producthierarchy_level3": "Hinterschinken",
  "producthierarchy_level4": "",
  "producthierarchy_level5": "",
  "producthierarchy_level6": "",
  "producthierarchy_level7": "",
  "currency": "Swiss franc",
  "file_name_1": "5106947_1.jpg",
  "image_url_1": "https://sortiment.lidl.ch/media/catalog/product/cache/38c728e59b3a47950872534eff8a1e63/5/1/5106947_FKBF_1.jpg",
  "file_name_2": "5106947_2.jpg",
  "image_url_2": "https://sortiment.lidl.ch/media/catalog/product/cache/38c728e59b3a47950872534eff8a1e63/5/1/5106947_PSXX.jpg"
},
{
  "_id": {
    "$oid": "66f3a89ed23ade1eec55fe9d"
  },
  "unique_id": "5103611",
  "product_name": "Delikatess Nierstückbraten",
  "brand": "Maestade",
  "regular_price": 3.89,
  "selling_price": 3.89,
  "price_per_unit": "pro 150g | 100g = 2.60 CHF",
  "breadcrumb": "Sortiment > Sortiment > Delikatess Nierstückbraten",
  "pdp_url": "https://sortiment.lidl.ch/de/delikatess-nierstueckbraten-5103611",
  "product_description": "Artikelnr.: 5103611",
  "producthierarchy_level1": "Sortiment",
  "producthierarchy_level2": "Sortiment",
  "producthierarchy_level3": "Delikatess Nierstückbraten",
  "producthierarchy_level4": "",
  "producthierarchy_level5": "",
  "producthierarchy_level6": "",
  "producthierarchy_level7": "",
  "currency": "Swiss franc",
  "file_name_1": "5103611_1.jpg",
  "image_url_1": "https://sortiment.lidl.ch/media/catalog/product/cache/38c728e59b3a47950872534eff8a1e63/5/1/5103611_FKBF.jpg",
  "file_name_2": "5103611_2.jpg",
  "image_url_2": "https://sortiment.lidl.ch/media/catalog/product/cache/38c728e59b3a47950872534eff8a1e63/5/1/5103611_PSXX.jpg"
},
{
  "_id": {
    "$oid": "66f3a89fd23ade1eec55fe9e"
  },
  "unique_id": "141649",
  "product_name": "Poulet-/ Trutenbrust",
  "brand": "Dulano",
  "regular_price": 3.49,
  "selling_price": 3.49,
  "price_per_unit": "pro 125g | 100g = 2.80 CHF",
  "breadcrumb": "Sortiment > Sortiment > Poulet-/ Trutenbrust",
  "pdp_url": "https://sortiment.lidl.ch/de/poulet-trutenbrust-0141649",
  "product_description": "Artikelnr.: 141649",
  "producthierarchy_level1": "Sortiment",
  "producthierarchy_level2": "Sortiment",
  "producthierarchy_level3": "Poulet-/ Trutenbrust",
  "producthierarchy_level4": "",
  "producthierarchy_level5": "",
  "producthierarchy_level6": "",
  "producthierarchy_level7": "",
  "currency": "Swiss franc",
  "file_name_1": "141649_1.jpg",
  "image_url_1": "https://sortiment.lidl.ch/media/catalog/product/cache/38c728e59b3a47950872534eff8a1e63/1/4/141649_FKBF.jpg"
},
{
  "_id": {
    "$oid": "66f3a8a1d23ade1eec55fe9f"
  },
  "unique_id": "47079",
  "product_name": "Prosciutto Cotto",
  "brand": "Dulano Selection",
  "regular_price": 4.15,
  "selling_price": 4.15,
  "price_per_unit": "pro 125g | 100g = 3.32 CHF",
  "breadcrumb": "Sortiment > Sortiment > Prosciutto Cotto",
  "pdp_url": "https://sortiment.lidl.ch/de/prosciutto-cotto-0047079",
  "product_description": "Artikelnr.: 47079",
  "producthierarchy_level1": "Sortiment",
  "producthierarchy_level2": "Sortiment",
  "producthierarchy_level3": "Prosciutto Cotto",
  "producthierarchy_level4": "",
  "producthierarchy_level5": "",
  "producthierarchy_level6": "",
  "producthierarchy_level7": "",
  "currency": "Swiss franc",
  "file_name_1": "47079_1.jpg",
  "image_url_1": "https://sortiment.lidl.ch/media/catalog/product/cache/38c728e59b3a47950872534eff8a1e63/4/7/47079_FKBF.jpg",
  "file_name_2": "47079_2.jpg",
  "image_url_2": "https://sortiment.lidl.ch/media/catalog/product/cache/38c728e59b3a47950872534eff8a1e63/4/7/47079_PSXX.jpg"
},
{
  "_id": {
    "$oid": "66f3a8a2d23ade1eec55fea0"
  },
  "unique_id": "1368",
  "product_name": "Cotto",
  "brand": "Maestade",
  "regular_price": 2.65,
  "selling_price": 2.65,
  "price_per_unit": "pro 200g | 100g = 1.33 CHF",
  "breadcrumb": "Sortiment > Sortiment > Cotto",
  "pdp_url": "https://sortiment.lidl.ch/de/cotto-0001368",
  "product_description": "Artikelnr.: 1368",
  "producthierarchy_level1": "Sortiment",
  "producthierarchy_level2": "Sortiment",
  "producthierarchy_level3": "Cotto",
  "producthierarchy_level4": "",
  "producthierarchy_level5": "",
  "producthierarchy_level6": "",
  "producthierarchy_level7": "",
  "currency": "Swiss franc",
  "file_name_1": "1368_1.jpg",
  "image_url_1": "https://sortiment.lidl.ch/media/catalog/product/cache/38c728e59b3a47950872534eff8a1e63/1/3/1368_FKBF.jpg",
  "file_name_2": "1368_2.jpg",
  "image_url_2": "https://sortiment.lidl.ch/media/catalog/product/cache/38c728e59b3a47950872534eff8a1e63/1/3/1368_Neu_PSXX_1.jpg"
},
{
  "_id": {
    "$oid": "66f3a8a3d23ade1eec55fea1"
  },
  "unique_id": "1367",
  "product_name": "Hinterschinken",
  "brand": "Maestade",
  "regular_price": 3.59,
  "selling_price": 3.59,
  "price_per_unit": "pro 200g | 100g = 1.80 CHF",
  "breadcrumb": "Sortiment > Sortiment > Hinterschinken",
  "pdp_url": "https://sortiment.lidl.ch/de/hinterschinken-0001367",
  "product_description": "Artikelnr.: 1367",
  "producthierarchy_level1": "Sortiment",
  "producthierarchy_level2": "Sortiment",
  "producthierarchy_level3": "Hinterschinken",
  "producthierarchy_level4": "",
  "producthierarchy_level5": "",
  "producthierarchy_level6": "",
  "producthierarchy_level7": "",
  "currency": "Swiss franc",
  "file_name_1": "1367_1.jpg",
  "image_url_1": "https://sortiment.lidl.ch/media/catalog/product/cache/38c728e59b3a47950872534eff8a1e63/1/3/1367_FKBF_1.jpg",
  "file_name_2": "1367_2.jpg",
  "image_url_2": "https://sortiment.lidl.ch/media/catalog/product/cache/38c728e59b3a47950872534eff8a1e63/1/3/1367_PSXX.jpg"
},
{
  "_id": {
    "$oid": "66f3a8a4d23ade1eec55fea2"
  },
  "unique_id": "119858",
  "product_name": "Pouletbrust Filetstreifen",
  "brand": "Chef Select",
  "regular_price": 2.65,
  "selling_price": 2.65,
  "price_per_unit": "pro 150g | 100g = 1.77 CHF",
  "breadcrumb": "Sortiment > Sortiment > Pouletbrust Filetstreifen",
  "pdp_url": "https://sortiment.lidl.ch/de/pouletbrust-filetstreifen-0119858",
  "product_description": "Artikelnr.: 119858",
  "producthierarchy_level1": "Sortiment",
  "producthierarchy_level2": "Sortiment",
  "producthierarchy_level3": "Pouletbrust Filetstreifen",
  "producthierarchy_level4": "",
  "producthierarchy_level5": "",
  "producthierarchy_level6": "",
  "producthierarchy_level7": "",
  "currency": "Swiss franc",
  "file_name_1": "119858_1.jpg",
  "image_url_1": "https://sortiment.lidl.ch/media/catalog/product/cache/38c728e59b3a47950872534eff8a1e63/1/1/119858_PSXX.jpg",
  "file_name_2": "119858_2.jpg",
  "image_url_2": "https://sortiment.lidl.ch/media/catalog/product/cache/38c728e59b3a47950872534eff8a1e63/1/1/119858_PSXX_ALT2.jpg"
},
{
  "_id": {
    "$oid": "66f3a8a5d23ade1eec55fea3"
  },
  "unique_id": "60474",
  "product_name": "Pouletbrust Filetstücke",
  "brand": "Chef Select",
  "regular_price": 2.65,
  "selling_price": 2.65,
  "price_per_unit": "pro 150g | 100g = 1.77 CHF",
  "breadcrumb": "Sortiment > Sortiment > Pouletbrust Filetstücke",
  "pdp_url": "https://sortiment.lidl.ch/de/pouletbrust-filetstuecke-0060474",
  "product_description": "Artikelnr.: 60474",
  "producthierarchy_level1": "Sortiment",
  "producthierarchy_level2": "Sortiment",
  "producthierarchy_level3": "Pouletbrust Filetstücke",
  "producthierarchy_level4": "",
  "producthierarchy_level5": "",
  "producthierarchy_level6": "",
  "producthierarchy_level7": "",
  "currency": "Swiss franc",
  "file_name_1": "60474_1.jpg",
  "image_url_1": "https://sortiment.lidl.ch/media/catalog/product/cache/38c728e59b3a47950872534eff8a1e63/6/0/60474_Nature_PSXX.jpg",
  "file_name_2": "60474_2.jpg",
  "image_url_2": "https://sortiment.lidl.ch/media/catalog/product/cache/38c728e59b3a47950872534eff8a1e63/6/0/60474_SweetChili_PSXX.jpg"
},
{
  "_id": {
    "$oid": "66f3a8a6d23ade1eec55fea4"
  },
  "unique_id": "131894",
  "product_name": "Cheeseburger mit Ketchup",
  "brand": "Chef Select",
  "regular_price": 4.09,
  "selling_price": 4.09,
  "price_per_unit": "pro 320g | 100g = 1.28 CHF",
  "breadcrumb": "Sortiment > Sortiment > Cheeseburger mit Ketchup",
  "pdp_url": "https://sortiment.lidl.ch/de/cheeseburger-mit-ketchup-0131894",
  "product_description": "Artikelnr.: 131894",
  "producthierarchy_level1": "Sortiment",
  "producthierarchy_level2": "Sortiment",
  "producthierarchy_level3": "Cheeseburger mit Ketchup",
  "producthierarchy_level4": "",
  "producthierarchy_level5": "",
  "producthierarchy_level6": "",
  "producthierarchy_level7": "",
  "currency": "Swiss franc",
  "file_name_1": "131894_1.jpg",
  "image_url_1": "https://sortiment.lidl.ch/media/catalog/product/cache/38c728e59b3a47950872534eff8a1e63/1/3/131894_FKBF_2.jpg",
  "file_name_2": "131894_2.jpg",
  "image_url_2": "https://sortiment.lidl.ch/media/catalog/product/cache/38c728e59b3a47950872534eff8a1e63/1/3/131894_PSXX_1.jpg"
},
{
  "_id": {
    "$oid": "66f3a8a7d23ade1eec55fea5"
  },
  "unique_id": "27500",
  "product_name": "Prosciutto Crudo am Stück",
  "brand": "Italiamo",
  "regular_price": 2.99,
  "selling_price": 2.99,
  "price_per_unit": "pro 100g, ca. 1,2 kg",
  "breadcrumb": "Sortiment > Sortiment > Prosciutto Crudo am Stück",
  "pdp_url": "https://sortiment.lidl.ch/de/prosciutto-crudo-am-stueck-0027500",
  "product_description": "Artikelnr.: 27500",
  "producthierarchy_level1": "Sortiment",
  "producthierarchy_level2": "Sortiment",
  "producthierarchy_level3": "Prosciutto Crudo am Stück",
  "producthierarchy_level4": "",
  "producthierarchy_level5": "",
  "producthierarchy_level6": "",
  "producthierarchy_level7": "",
  "currency": "Swiss franc",
  "file_name_1": "27500_1.jpg",
  "image_url_1": "https://sortiment.lidl.ch/media/catalog/product/cache/38c728e59b3a47950872534eff8a1e63/2/7/27500_FKBF.jpg",
  "file_name_2": "27500_2.jpg",
  "image_url_2": "https://sortiment.lidl.ch/media/catalog/product/cache/38c728e59b3a47950872534eff8a1e63/2/7/27500_PSXX.jpg"
},
{
  "_id": {
    "$oid": "66f3a8a8d23ade1eec55fea6"
  },
  "unique_id": "5105639",
  "product_name": "Kochspeck geräuchert",
  "brand": "Maestade",
  "regular_price": 1.99,
  "selling_price": 1.99,
  "price_per_unit": "pro 100g, ca.200-400g",
  "breadcrumb": "Sortiment > Sortiment > Kochspeck geräuchert",
  "pdp_url": "https://sortiment.lidl.ch/de/kochspeck-geraeuchert-5105639",
  "product_description": "Artikelnr.: 5105639",
  "producthierarchy_level1": "Sortiment",
  "producthierarchy_level2": "Sortiment",
  "producthierarchy_level3": "Kochspeck geräuchert",
  "producthierarchy_level4": "",
  "producthierarchy_level5": "",
  "producthierarchy_level6": "",
  "producthierarchy_level7": "",
  "currency": "Swiss franc",
  "file_name_1": "5105639_1.jpg",
  "image_url_1": "https://sortiment.lidl.ch/media/catalog/product/cache/38c728e59b3a47950872534eff8a1e63/5/1/5105639_FKBF_4.jpg",
  "file_name_2": "5105639_2.jpg",
  "image_url_2": "https://sortiment.lidl.ch/media/catalog/product/cache/38c728e59b3a47950872534eff8a1e63/5/1/5105639_PSXX_4.jpg"
},
{
  "_id": {
    "$oid": "66f3a8a9d23ade1eec55fea7"
  },
  "unique_id": "5103327",
  "product_name": "Rindersalami",
  "brand": "Maestade",
  "regular_price": 2.99,
  "selling_price": 2.99,
  "price_per_unit": "pro 100g",
  "breadcrumb": "Sortiment > Sortiment > Rindersalami",
  "pdp_url": "https://sortiment.lidl.ch/de/rindersalami-5103327",
  "product_description": "Artikelnr.: 5103327",
  "producthierarchy_level1": "Sortiment",
  "producthierarchy_level2": "Sortiment",
  "producthierarchy_level3": "Rindersalami",
  "producthierarchy_level4": "",
  "producthierarchy_level5": "",
  "producthierarchy_level6": "",
  "producthierarchy_level7": "",
  "currency": "Swiss franc",
  "file_name_1": "5103327_1.jpg",
  "image_url_1": "https://sortiment.lidl.ch/media/catalog/product/cache/38c728e59b3a47950872534eff8a1e63/5/1/5103327_Classic_FKBF_1.jpg",
  "file_name_2": "5103327_2.jpg",
  "image_url_2": "https://sortiment.lidl.ch/media/catalog/product/cache/38c728e59b3a47950872534eff8a1e63/5/1/5103327_Pfeffer_FKBF_1.jpg"
},
{
  "_id": {
    "$oid": "66f3a8abd23ade1eec55fea8"
  },
  "unique_id": "140176",
  "product_name": "Salamiteller Spezialitäten",
  "brand": "Dulano Selection",
  "regular_price": 3.95,
  "selling_price": 3.95,
  "price_per_unit": "pro 100g",
  "breadcrumb": "Sortiment > Sortiment > Salamiteller Spezialitäten",
  "pdp_url": "https://sortiment.lidl.ch/de/salamiteller-spezialitaeten-0140176",
  "product_description": "Artikelnr.: 140176",
  "producthierarchy_level1": "Sortiment",
  "producthierarchy_level2": "Sortiment",
  "producthierarchy_level3": "Salamiteller Spezialitäten",
  "producthierarchy_level4": "",
  "producthierarchy_level5": "",
  "producthierarchy_level6": "",
  "producthierarchy_level7": "",
  "currency": "Swiss franc",
  "file_name_1": "140176_1.jpg",
  "image_url_1": "https://sortiment.lidl.ch/media/catalog/product/cache/38c728e59b3a47950872534eff8a1e63/1/4/140176_Baguette_FKBF.jpg",
  "file_name_2": "140176_2.jpg",
  "image_url_2": "https://sortiment.lidl.ch/media/catalog/product/cache/38c728e59b3a47950872534eff8a1e63/1/4/140176_Chorzi_FKBF.jpg",
  "file_name_3": "140176_3.jpg",
  "image_url_3": "https://sortiment.lidl.ch/media/catalog/product/cache/38c728e59b3a47950872534eff8a1e63/1/4/140176_Pfeffer_FKBF.jpg",
  "file_name_4": "140176_4.jpg",
  "image_url_4": "https://sortiment.lidl.ch/media/catalog/product/cache/38c728e59b3a47950872534eff8a1e63/1/4/140176_Salami_FKBF.jpg"
},
{
  "_id": {
    "$oid": "66f3a8acd23ade1eec55fea9"
  },
  "unique_id": "2501",
  "product_name": "Chorizo",
  "brand": "Maestade",
  "regular_price": 2.79,
  "selling_price": 2.79,
  "price_per_unit": "pro 150g | 100g = 1.86 CHF",
  "breadcrumb": "Sortiment > Sortiment > Chorizo",
  "pdp_url": "https://sortiment.lidl.ch/de/chorizo-0002501",
  "product_description": "Artikelnr.: 2501",
  "producthierarchy_level1": "Sortiment",
  "producthierarchy_level2": "Sortiment",
  "producthierarchy_level3": "Chorizo",
  "producthierarchy_level4": "",
  "producthierarchy_level5": "",
  "producthierarchy_level6": "",
  "producthierarchy_level7": "",
  "currency": "Swiss franc",
  "file_name_1": "2501_1.jpg",
  "image_url_1": "https://sortiment.lidl.ch/media/catalog/product/cache/38c728e59b3a47950872534eff8a1e63/2/5/2501_FKBF_1.jpg",
  "file_name_2": "2501_2.jpg",
  "image_url_2": "https://sortiment.lidl.ch/media/catalog/product/cache/38c728e59b3a47950872534eff8a1e63/2/5/2501_mild_PSXX.jpg",
  "file_name_3": "2501_3.jpg",
  "image_url_3": "https://sortiment.lidl.ch/media/catalog/product/cache/38c728e59b3a47950872534eff8a1e63/2/5/2501_scharf_PSXX.jpg"
},
{
  "_id": {
    "$oid": "66f3a8add23ade1eec55feaa"
  },
  "unique_id": "1505",
  "product_name": "Salami",
  "brand": "Maestade",
  "regular_price": 2.95,
  "selling_price": 2.95,
  "price_per_unit": "pro 150g | 100g = 1.97 CHF",
  "breadcrumb": "Sortiment > Sortiment > Salami",
  "pdp_url": "https://sortiment.lidl.ch/de/salami-0001505",
  "product_description": "Artikelnr.: 1505",
  "producthierarchy_level1": "Sortiment",
  "producthierarchy_level2": "Sortiment",
  "producthierarchy_level3": "Salami",
  "producthierarchy_level4": "",
  "producthierarchy_level5": "",
  "producthierarchy_level6": "",
  "producthierarchy_level7": "",
  "currency": "Swiss franc",
  "file_name_1": "1505_1.jpg",
  "image_url_1": "https://sortiment.lidl.ch/media/catalog/product/cache/38c728e59b3a47950872534eff8a1e63/1/5/1505_FKBF.jpg"
},
{
  "_id": {
    "$oid": "66f3a8afd23ade1eec55feab"
  },
  "unique_id": "11641",
  "product_name": "Salami",
  "brand": "Dulano Selection",
  "regular_price": 3.99,
  "selling_price": 3.99,
  "price_per_unit": "pro 100g",
  "breadcrumb": "Sortiment > Sortiment > Salami",
  "pdp_url": "https://sortiment.lidl.ch/de/salami-0011641",
  "product_description": "Artikelnr.: 11641",
  "producthierarchy_level1": "Sortiment",
  "producthierarchy_level2": "Sortiment",
  "producthierarchy_level3": "Salami",
  "producthierarchy_level4": "",
  "producthierarchy_level5": "",
  "producthierarchy_level6": "",
  "producthierarchy_level7": "",
  "currency": "Swiss franc",
  "file_name_1": "11641_1.jpg",
  "image_url_1": "https://sortiment.lidl.ch/media/catalog/product/cache/38c728e59b3a47950872534eff8a1e63/1/1/11641_02_PSXX.jpg",
  "file_name_2": "11641_2.jpg",
  "image_url_2": "https://sortiment.lidl.ch/media/catalog/product/cache/38c728e59b3a47950872534eff8a1e63/1/1/11641_FKBF.jpg",
  "file_name_3": "11641_3.jpg",
  "image_url_3": "https://sortiment.lidl.ch/media/catalog/product/cache/38c728e59b3a47950872534eff8a1e63/1/1/11641_PSXX.jpg"
},
{
  "_id": {
    "$oid": "66f3a8b0d23ade1eec55feac"
  },
  "unique_id": "5107493",
  "product_name": "Salame Contadino",
  "brand": "Deluxe",
  "regular_price": 4.59,
  "selling_price": 4.59,
  "price_per_unit": "pro 90g | 100g = 5.10 CHF",
  "breadcrumb": "Sortiment > Sortiment > Salame Contadino",
  "pdp_url": "https://sortiment.lidl.ch/de/salame-contadino-5107493",
  "product_description": "Artikelnr.: 5107493",
  "producthierarchy_level1": "Sortiment",
  "producthierarchy_level2": "Sortiment",
  "producthierarchy_level3": "Salame Contadino",
  "producthierarchy_level4": "",
  "producthierarchy_level5": "",
  "producthierarchy_level6": "",
  "producthierarchy_level7": "",
  "currency": "Swiss franc",
  "file_name_1": "5107493_1.jpg",
  "image_url_1": "https://sortiment.lidl.ch/media/catalog/product/cache/38c728e59b3a47950872534eff8a1e63/5/1/5107493_FKBF.jpg",
  "file_name_2": "5107493_2.jpg",
  "image_url_2": "https://sortiment.lidl.ch/media/catalog/product/cache/38c728e59b3a47950872534eff8a1e63/5/1/5107493_PSXX.jpg"
},
{
  "_id": {
    "$oid": "66f3a8b1d23ade1eec55fead"
  },
  "unique_id": "5107492",
  "product_name": "Salame Gran Riserva",
  "brand": "Deluxe",
  "regular_price": 4.59,
  "selling_price": 4.59,
  "price_per_unit": "pro 90g | 100g = 5.10 CHF",
  "breadcrumb": "Sortiment > Sortiment > Salame Gran Riserva",
  "pdp_url": "https://sortiment.lidl.ch/de/salame-gran-riserva-5107492",
  "product_description": "Artikelnr.: 5107492",
  "producthierarchy_level1": "Sortiment",
  "producthierarchy_level2": "Sortiment",
  "producthierarchy_level3": "Salame Gran Riserva",
  "producthierarchy_level4": "",
  "producthierarchy_level5": "",
  "producthierarchy_level6": "",
  "producthierarchy_level7": "",
  "currency": "Swiss franc",
  "file_name_1": "5107492_1.jpg",
  "image_url_1": "https://sortiment.lidl.ch/media/catalog/product/cache/38c728e59b3a47950872534eff8a1e63/5/1/5107492_FKBF.jpg",
  "file_name_2": "5107492_2.jpg",
  "image_url_2": "https://sortiment.lidl.ch/media/catalog/product/cache/38c728e59b3a47950872534eff8a1e63/5/1/5107492_PSXX.jpg"
},
{
  "_id": {
    "$oid": "66f3a8b2d23ade1eec55feae"
  },
  "unique_id": "5105515",
  "product_name": "Salame",
  "brand": "Dulano Selection",
  "regular_price": 3.99,
  "selling_price": 3.99,
  "price_per_unit": "pro 90g | 100g = 4.44 CHF",
  "breadcrumb": "Sortiment > Sortiment > Salame",
  "pdp_url": "https://sortiment.lidl.ch/de/salame-5105515",
  "product_description": "Artikelnr.: 5105515",
  "producthierarchy_level1": "Sortiment",
  "producthierarchy_level2": "Sortiment",
  "producthierarchy_level3": "Salame",
  "producthierarchy_level4": "",
  "producthierarchy_level5": "",
  "producthierarchy_level6": "",
  "producthierarchy_level7": "",
  "currency": "Swiss franc",
  "file_name_1": "5105515_1.jpg",
  "image_url_1": "https://sortiment.lidl.ch/media/catalog/product/cache/38c728e59b3a47950872534eff8a1e63/5/1/5105515_FKBF.jpg",
  "file_name_2": "5105515_2.jpg",
  "image_url_2": "https://sortiment.lidl.ch/media/catalog/product/cache/38c728e59b3a47950872534eff8a1e63/5/1/5105515_Fino_PSXX.jpg",
  "file_name_3": "5105515_3.jpg",
  "image_url_3": "https://sortiment.lidl.ch/media/catalog/product/cache/38c728e59b3a47950872534eff8a1e63/5/1/5105515_Paesano_PSXX.jpg"
},
{
  "_id": {
    "$oid": "66f3a8b3d23ade1eec55feaf"
  },
  "unique_id": "5103319",
  "product_name": "Salami tipo Milano",
  "brand": "Maestade",
  "regular_price": 2.49,
  "selling_price": 2.49,
  "price_per_unit": "pro 200g | 100g = 1.25 CHF",
  "breadcrumb": "Sortiment > Sortiment > Salami tipo Milano",
  "pdp_url": "https://sortiment.lidl.ch/de/salami-tipo-milano-5103319",
  "product_description": "Artikelnr.: 5103319",
  "producthierarchy_level1": "Sortiment",
  "producthierarchy_level2": "Sortiment",
  "producthierarchy_level3": "Salami tipo Milano",
  "producthierarchy_level4": "",
  "producthierarchy_level5": "",
  "producthierarchy_level6": "",
  "producthierarchy_level7": "",
  "currency": "Swiss franc",
  "file_name_1": "5103319_1.jpg",
  "image_url_1": "https://sortiment.lidl.ch/media/catalog/product/cache/38c728e59b3a47950872534eff8a1e63/5/1/5103319_FKBF_1.jpg",
  "file_name_2": "5103319_2.jpg",
  "image_url_2": "https://sortiment.lidl.ch/media/catalog/product/cache/38c728e59b3a47950872534eff8a1e63/5/1/5103319_PSXX.jpg"
},
{
  "_id": {
    "$oid": "66f3a8b4d23ade1eec55feb0"
  },
  "unique_id": "130915",
  "product_name": "Geflügel-Salami",
  "brand": "Dulano",
  "regular_price": 2.39,
  "selling_price": 2.39,
  "price_per_unit": "pro 130g | 100g = 1.84 CHF",
  "breadcrumb": "Sortiment > Sortiment > Geflügel-Salami",
  "pdp_url": "https://sortiment.lidl.ch/de/gefluegel-salami-0130915",
  "product_description": "Artikelnr.: 130915",
  "producthierarchy_level1": "Sortiment",
  "producthierarchy_level2": "Sortiment",
  "producthierarchy_level3": "Geflügel-Salami",
  "producthierarchy_level4": "",
  "producthierarchy_level5": "",
  "producthierarchy_level6": "",
  "producthierarchy_level7": "",
  "currency": "Swiss franc",
  "file_name_1": "130915_1.jpg",
  "image_url_1": "https://sortiment.lidl.ch/media/catalog/product/cache/38c728e59b3a47950872534eff8a1e63/1/3/130915_FKBF.jpg",
  "file_name_2": "130915_2.jpg",
  "image_url_2": "https://sortiment.lidl.ch/media/catalog/product/cache/38c728e59b3a47950872534eff8a1e63/1/3/130915_PSXX.jpg"
},
{
  "_id": {
    "$oid": "66f3a8b5d23ade1eec55feb1"
  },
  "unique_id": "2450",
  "product_name": "Leberwurst / Mettwurst",
  "brand": "Maestade",
  "regular_price": 2.85,
  "selling_price": 2.85,
  "price_per_unit": "pro 150g, 200g | 100g = 1.90, 1.43 CHF",
  "breadcrumb": "Sortiment > Sortiment > Leberwurst / Mettwurst",
  "pdp_url": "https://sortiment.lidl.ch/de/leberwurst-mettwurst-0002450",
  "product_description": "Artikelnr.: 2450",
  "producthierarchy_level1": "Sortiment",
  "producthierarchy_level2": "Sortiment",
  "producthierarchy_level3": "Leberwurst / Mettwurst",
  "producthierarchy_level4": "",
  "producthierarchy_level5": "",
  "producthierarchy_level6": "",
  "producthierarchy_level7": "",
  "currency": "Swiss franc",
  "file_name_1": "2450_1.jpg",
  "image_url_1": "https://sortiment.lidl.ch/media/catalog/product/cache/38c728e59b3a47950872534eff8a1e63/2/4/2450_LeberwurstNatur_FKBF.jpg",
  "file_name_2": "2450_2.jpg",
  "image_url_2": "https://sortiment.lidl.ch/media/catalog/product/cache/38c728e59b3a47950872534eff8a1e63/2/4/2450_Mettwurst_FKBF.jpg",
  "file_name_3": "2450_3.jpg",
  "image_url_3": "https://sortiment.lidl.ch/media/catalog/product/cache/38c728e59b3a47950872534eff8a1e63/2/4/2450_Mettwurst_FKBF_ALT_1.jpg",
  "file_name_4": "2450_4.jpg",
  "image_url_4": "https://sortiment.lidl.ch/media/catalog/product/cache/38c728e59b3a47950872534eff8a1e63/2/4/2450_Streichleberwurst_FKBF_1.jpg"
},
{
  "_id": {
    "$oid": "66f3a8b7d23ade1eec55feb2"
  },
  "unique_id": "5104707",
  "product_name": "Lyoner / Aufschnitt",
  "brand": "Maestade",
  "regular_price": 2.39,
  "selling_price": 2.39,
  "price_per_unit": "pro 200g | 100g = 1.20 CHF",
  "breadcrumb": "Sortiment > Sortiment > Lyoner / Aufschnitt",
  "pdp_url": "https://sortiment.lidl.ch/de/lyoner-aufschnitt-5104707",
  "product_description": "Artikelnr.: 5104707",
  "producthierarchy_level1": "Sortiment",
  "producthierarchy_level2": "Sortiment",
  "producthierarchy_level3": "Lyoner / Aufschnitt",
  "producthierarchy_level4": "",
  "producthierarchy_level5": "",
  "producthierarchy_level6": "",
  "producthierarchy_level7": "",
  "currency": "Swiss franc",
  "file_name_1": "5104707_1.jpg",
  "image_url_1": "https://sortiment.lidl.ch/media/catalog/product/cache/38c728e59b3a47950872534eff8a1e63/5/1/5104707_Delikatess_Aufschnitt_PSXX.jpg",
  "file_name_2": "5104707_2.jpg",
  "image_url_2": "https://sortiment.lidl.ch/media/catalog/product/cache/38c728e59b3a47950872534eff8a1e63/5/1/5104707_FKBF_1.jpg",
  "file_name_3": "5104707_3.jpg",
  "image_url_3": "https://sortiment.lidl.ch/media/catalog/product/cache/38c728e59b3a47950872534eff8a1e63/5/1/5104707_Lyoner_PSXX.jpg"
},
{
  "_id": {
    "$oid": "66f3a8b8d23ade1eec55feb3"
  },
  "unique_id": "11799",
  "product_name": "Geflügel-Aufschnitt",
  "brand": "Dulano",
  "regular_price": 2.69,
  "selling_price": 2.69,
  "price_per_unit": "pro 200g | 100g = 1.35 CHF",
  "breadcrumb": "Sortiment > Sortiment > Geflügel-Aufschnitt",
  "pdp_url": "https://sortiment.lidl.ch/de/gefluegel-aufschnitt-0011799",
  "product_description": "Artikelnr.: 11799",
  "producthierarchy_level1": "Sortiment",
  "producthierarchy_level2": "Sortiment",
  "producthierarchy_level3": "Geflügel-Aufschnitt",
  "producthierarchy_level4": "",
  "producthierarchy_level5": "",
  "producthierarchy_level6": "",
  "producthierarchy_level7": "",
  "currency": "Swiss franc",
  "file_name_1": "11799_1.jpg",
  "image_url_1": "https://sortiment.lidl.ch/media/catalog/product/cache/38c728e59b3a47950872534eff8a1e63/1/1/11799_FKBF.jpg",
  "file_name_2": "11799_2.jpg",
  "image_url_2": "https://sortiment.lidl.ch/media/catalog/product/cache/38c728e59b3a47950872534eff8a1e63/1/1/11799_GefluegelPeperoni_PSXX.jpg",
  "file_name_3": "11799_3.jpg",
  "image_url_3": "https://sortiment.lidl.ch/media/catalog/product/cache/38c728e59b3a47950872534eff8a1e63/1/1/11799_Gefluegel_PSXX.jpg",
  "file_name_4": "11799_4.jpg",
  "image_url_4": "https://sortiment.lidl.ch/media/catalog/product/cache/38c728e59b3a47950872534eff8a1e63/1/1/11799_Gefluegelmortadella_PSXX.jpg"
},
{
  "_id": {
    "$oid": "66f3a8b9d23ade1eec55feb4"
  },
  "unique_id": "2943",
  "product_name": "Fleischkäse hauchdünn",
  "brand": "Maestade",
  "regular_price": 2.99,
  "selling_price": 2.99,
  "price_per_unit": "pro 200g | 100g = 1.50 CHF",
  "breadcrumb": "Sortiment > Sortiment > Fleischkäse hauchdünn",
  "pdp_url": "https://sortiment.lidl.ch/de/fleischkaese-hauchduenn-0002943",
  "product_description": "Artikelnr.: 2943",
  "producthierarchy_level1": "Sortiment",
  "producthierarchy_level2": "Sortiment",
  "producthierarchy_level3": "Fleischkäse hauchdünn",
  "producthierarchy_level4": "",
  "producthierarchy_level5": "",
  "producthierarchy_level6": "",
  "producthierarchy_level7": "",
  "currency": "Swiss franc",
  "file_name_1": "2943_1.jpg",
  "image_url_1": "https://sortiment.lidl.ch/media/catalog/product/cache/38c728e59b3a47950872534eff8a1e63/2/9/2943_Classic_PSXX.jpg",
  "file_name_2": "2943_2.jpg",
  "image_url_2": "https://sortiment.lidl.ch/media/catalog/product/cache/38c728e59b3a47950872534eff8a1e63/2/9/2943_FKBF.jpg",
  "file_name_3": "2943_3.jpg",
  "image_url_3": "https://sortiment.lidl.ch/media/catalog/product/cache/38c728e59b3a47950872534eff8a1e63/2/9/2943_Peperoni_PSXX.jpg"
},
{
  "_id": {
    "$oid": "66f3a8bbd23ade1eec55feb5"
  },
  "unique_id": "29936",
  "product_name": "Fleischkäse",
  "brand": "Maestade",
  "regular_price": 2.34,
  "selling_price": 2.34,
  "price_per_unit": "pro 200g | 100g = 1.17 CHF",
  "breadcrumb": "Sortiment > Sortiment > Fleischkäse",
  "pdp_url": "https://sortiment.lidl.ch/de/fleischkaese-0029936",
  "product_description": "Artikelnr.: 29936",
  "producthierarchy_level1": "Sortiment",
  "producthierarchy_level2": "Sortiment",
  "producthierarchy_level3": "Fleischkäse",
  "producthierarchy_level4": "",
  "producthierarchy_level5": "",
  "producthierarchy_level6": "",
  "producthierarchy_level7": "",
  "currency": "Swiss franc",
  "file_name_1": "29936_1.jpg",
  "image_url_1": "https://sortiment.lidl.ch/media/catalog/product/cache/38c728e59b3a47950872534eff8a1e63/2/9/29936_FKBF.jpg"
},
{
  "_id": {
    "$oid": "66f3a8bdd23ade1eec55feb6"
  },
  "unique_id": "5107662",
  "product_name": "Fleischkäse",
  "brand": "Maestade",
  "regular_price": 3.89,
  "selling_price": 3.89,
  "price_per_unit": "pro 400g | 100g = 0.98 CHF",
  "breadcrumb": "Sortiment > Sortiment > Fleischkäse",
  "pdp_url": "https://sortiment.lidl.ch/de/fleischkaese-5107662",
  "product_description": "Artikelnr.: 5107662",
  "producthierarchy_level1": "Sortiment",
  "producthierarchy_level2": "Sortiment",
  "producthierarchy_level3": "Fleischkäse",
  "producthierarchy_level4": "",
  "producthierarchy_level5": "",
  "producthierarchy_level6": "",
  "producthierarchy_level7": "",
  "currency": "Swiss franc",
  "file_name_1": "5107662_1.jpg",
  "image_url_1": "https://sortiment.lidl.ch/media/catalog/product/cache/38c728e59b3a47950872534eff8a1e63/5/1/5107662_FKBF.jpg",
  "file_name_2": "5107662_2.jpg",
  "image_url_2": "https://sortiment.lidl.ch/media/catalog/product/cache/38c728e59b3a47950872534eff8a1e63/5/1/5107662_PSXX.jpg"
},
{
  "_id": {
    "$oid": "66f3a8bed23ade1eec55feb7"
  },
  "unique_id": "7244",
  "product_name": "Mortadella",
  "brand": "Dulano Selection",
  "regular_price": 3.99,
  "selling_price": 3.99,
  "price_per_unit": "pro 150g | 100g = 2.66 CHF",
  "breadcrumb": "Sortiment > Sortiment > Mortadella",
  "pdp_url": "https://sortiment.lidl.ch/de/mortadella-0007244",
  "product_description": "Artikelnr.: 7244",
  "producthierarchy_level1": "Sortiment",
  "producthierarchy_level2": "Sortiment",
  "producthierarchy_level3": "Mortadella",
  "producthierarchy_level4": "",
  "producthierarchy_level5": "",
  "producthierarchy_level6": "",
  "producthierarchy_level7": "",
  "currency": "Swiss franc",
  "file_name_1": "7244_1.jpg",
  "image_url_1": "https://sortiment.lidl.ch/media/catalog/product/cache/38c728e59b3a47950872534eff8a1e63/7/2/7244_FKBF.jpg",
  "file_name_2": "7244_2.jpg",
  "image_url_2": "https://sortiment.lidl.ch/media/catalog/product/cache/38c728e59b3a47950872534eff8a1e63/7/2/7244_PSXX.jpg"
},
{
  "_id": {
    "$oid": "66f3a8bfd23ade1eec55feb8"
  },
  "unique_id": "1906",
  "product_name": "Original Berner Würstchen",
  "brand": "Maestade typisch",
  "regular_price": 5.95,
  "selling_price": 5.95,
  "price_per_unit": "pro 280g, 300g | 100g = 2.13, 1.99 CHF",
  "breadcrumb": "Sortiment > Sortiment > Original Berner Würstchen",
  "pdp_url": "https://sortiment.lidl.ch/de/original-berner-wuerstchen-0001906",
  "product_description": "Artikelnr.: 1906",
  "producthierarchy_level1": "Sortiment",
  "producthierarchy_level2": "Sortiment",
  "producthierarchy_level3": "Original Berner Würstchen",
  "producthierarchy_level4": "",
  "producthierarchy_level5": "",
  "producthierarchy_level6": "",
  "producthierarchy_level7": "",
  "currency": "Swiss franc",
  "file_name_1": "1906_1.jpg",
  "image_url_1": "https://sortiment.lidl.ch/media/catalog/product/cache/38c728e59b3a47950872534eff8a1e63/1/9/1906_FKBF.jpg",
  "file_name_2": "1906_2.jpg",
  "image_url_2": "https://sortiment.lidl.ch/media/catalog/product/cache/38c728e59b3a47950872534eff8a1e63/1/9/1906_PSXX.jpg",
  "file_name_3": "1906_3.jpg",
  "image_url_3": "https://sortiment.lidl.ch/media/catalog/product/cache/38c728e59b3a47950872534eff8a1e63/1/9/1906_klein_PSXX.jpg"
},
{
  "_id": {
    "$oid": "66f3a8c0d23ade1eec55feb9"
  },
  "unique_id": "5105653",
  "product_name": "Schweinswürstli",
  "brand": "Maestade",
  "regular_price": 2.79,
  "selling_price": 2.79,
  "price_per_unit": "pro 200g | 100g = 1.40 CHF",
  "breadcrumb": "Sortiment > Sortiment > Schweinswürstli",
  "pdp_url": "https://sortiment.lidl.ch/de/schweinswuerstli-5105653",
  "product_description": "Artikelnr.: 5105653",
  "producthierarchy_level1": "Sortiment",
  "producthierarchy_level2": "Sortiment",
  "producthierarchy_level3": "Schweinswürstli",
  "producthierarchy_level4": "",
  "producthierarchy_level5": "",
  "producthierarchy_level6": "",
  "producthierarchy_level7": "",
  "currency": "Swiss franc",
  "file_name_1": "5105653_1.jpg",
  "image_url_1": "https://sortiment.lidl.ch/media/catalog/product/cache/38c728e59b3a47950872534eff8a1e63/5/1/5105653_Classic_PSXX_3.jpg",
  "file_name_2": "5105653_2.jpg",
  "image_url_2": "https://sortiment.lidl.ch/media/catalog/product/cache/38c728e59b3a47950872534eff8a1e63/5/1/5105653_FKBF_3.jpg"
},
{
  "_id": {
    "$oid": "66f3a8c1d23ade1eec55feba"
  },
  "unique_id": "5103181",
  "product_name": "Poulet Hot Dog",
  "brand": "Maestade",
  "regular_price": 2.95,
  "selling_price": 2.95,
  "price_per_unit": "pro 400g | 100g = 0.74 CHF",
  "breadcrumb": "Sortiment > Sortiment > Poulet Hot Dog",
  "pdp_url": "https://sortiment.lidl.ch/de/poulet-hot-dog-5103181",
  "product_description": "Artikelnr.: 5103181",
  "producthierarchy_level1": "Sortiment",
  "producthierarchy_level2": "Sortiment",
  "producthierarchy_level3": "Poulet Hot Dog",
  "producthierarchy_level4": "",
  "producthierarchy_level5": "",
  "producthierarchy_level6": "",
  "producthierarchy_level7": "",
  "currency": "Swiss franc",
  "file_name_1": "5103181_1.jpg",
  "image_url_1": "https://sortiment.lidl.ch/media/catalog/product/cache/38c728e59b3a47950872534eff8a1e63/5/1/5103181_FKBF.jpg",
  "file_name_2": "5103181_2.jpg",
  "image_url_2": "https://sortiment.lidl.ch/media/catalog/product/cache/38c728e59b3a47950872534eff8a1e63/5/1/5103181_PSXX.jpg"
},
{
  "_id": {
    "$oid": "66f3a8c2d23ade1eec55febb"
  },
  "unique_id": "29929",
  "product_name": "Wienerli",
  "brand": "Maestade",
  "regular_price": 1.99,
  "selling_price": 1.99,
  "price_per_unit": "pro 200g | 100g = 1.00 CHF",
  "breadcrumb": "Sortiment > Sortiment > Wienerli",
  "pdp_url": "https://sortiment.lidl.ch/de/wienerli-0029929",
  "product_description": "Artikelnr.: 29929",
  "producthierarchy_level1": "Sortiment",
  "producthierarchy_level2": "Sortiment",
  "producthierarchy_level3": "Wienerli",
  "producthierarchy_level4": "",
  "producthierarchy_level5": "",
  "producthierarchy_level6": "",
  "producthierarchy_level7": "",
  "currency": "Swiss franc",
  "file_name_1": "29929_1.jpg",
  "image_url_1": "https://sortiment.lidl.ch/media/catalog/product/cache/38c728e59b3a47950872534eff8a1e63/2/9/29929_FKBF.jpg",
  "file_name_2": "29929_2.jpg",
  "image_url_2": "https://sortiment.lidl.ch/media/catalog/product/cache/38c728e59b3a47950872534eff8a1e63/2/9/29929_PSXX.jpg"
},
{
  "_id": {
    "$oid": "66f3a8c3d23ade1eec55febc"
  },
  "unique_id": "29924",
  "product_name": "Cervelas",
  "brand": "Maestade",
  "regular_price": 1.95,
  "selling_price": 1.95,
  "price_per_unit": "pro 2x100g | 100g = 0.98 CHF",
  "breadcrumb": "Sortiment > Sortiment > Cervelas",
  "pdp_url": "https://sortiment.lidl.ch/de/cervelas-0029924",
  "product_description": "Artikelnr.: 29924",
  "producthierarchy_level1": "Sortiment",
  "producthierarchy_level2": "Sortiment",
  "producthierarchy_level3": "Cervelas",
  "producthierarchy_level4": "",
  "producthierarchy_level5": "",
  "producthierarchy_level6": "",
  "producthierarchy_level7": "",
  "currency": "Swiss franc",
  "file_name_1": "29924_1.jpg",
  "image_url_1": "https://sortiment.lidl.ch/media/catalog/product/cache/38c728e59b3a47950872534eff8a1e63/2/9/29924_FKBF.jpg",
  "file_name_2": "29924_2.jpg",
  "image_url_2": "https://sortiment.lidl.ch/media/catalog/product/cache/38c728e59b3a47950872534eff8a1e63/2/9/29924_PSXX.jpg"
},
{
  "_id": {
    "$oid": "66f3a8c4d23ade1eec55febd"
  },
  "unique_id": "29923",
  "product_name": "Cervelas",
  "brand": "Maestade",
  "regular_price": 3.95,
  "selling_price": 3.95,
  "price_per_unit": "pro 5x100g | 100g = 0.79 CHF",
  "breadcrumb": "Sortiment > Sortiment > Cervelas",
  "pdp_url": "https://sortiment.lidl.ch/de/cervelas-0029923",
  "product_description": "Artikelnr.: 29923",
  "producthierarchy_level1": "Sortiment",
  "producthierarchy_level2": "Sortiment",
  "producthierarchy_level3": "Cervelas",
  "producthierarchy_level4": "",
  "producthierarchy_level5": "",
  "producthierarchy_level6": "",
  "producthierarchy_level7": "",
  "currency": "Swiss franc",
  "file_name_1": "29923_1.jpg",
  "image_url_1": "https://sortiment.lidl.ch/media/catalog/product/cache/38c728e59b3a47950872534eff8a1e63/2/9/29923_FKBF.jpg",
  "file_name_2": "29923_2.jpg",
  "image_url_2": "https://sortiment.lidl.ch/media/catalog/product/cache/38c728e59b3a47950872534eff8a1e63/2/9/29923_PSXX.jpg"
},
{
  "_id": {
    "$oid": "66f3a8c5d23ade1eec55febe"
  },
  "unique_id": "2056",
  "product_name": "Hot Dog",
  "brand": "Maestade",
  "regular_price": 2.99,
  "selling_price": 2.99,
  "price_per_unit": "pro 400g | 100g = 0.75 CHF",
  "breadcrumb": "Sortiment > Sortiment > Hot Dog",
  "pdp_url": "https://sortiment.lidl.ch/de/hot-dog-0002056",
  "product_description": "Artikelnr.: 2056",
  "producthierarchy_level1": "Sortiment",
  "producthierarchy_level2": "Sortiment",
  "producthierarchy_level3": "Hot Dog",
  "producthierarchy_level4": "",
  "producthierarchy_level5": "",
  "producthierarchy_level6": "",
  "producthierarchy_level7": "",
  "currency": "Swiss franc",
  "file_name_1": "2056_1.jpg",
  "image_url_1": "https://sortiment.lidl.ch/media/catalog/product/cache/38c728e59b3a47950872534eff8a1e63/2/0/2056_FKBF.jpg",
  "file_name_2": "2056_2.jpg",
  "image_url_2": "https://sortiment.lidl.ch/media/catalog/product/cache/38c728e59b3a47950872534eff8a1e63/2/0/2056_PSXX.jpg"
},
{
  "_id": {
    "$oid": "66f3a8c6d23ade1eec55febf"
  },
  "unique_id": "6000759",
  "product_name": "Salami Cacciatore",
  "brand": "Italiamo",
  "regular_price": 5.95,
  "selling_price": 5.95,
  "price_per_unit": "pro 180g | 100g = 3.31 CHF",
  "breadcrumb": "Sortiment > Sortiment > Salami Cacciatore",
  "pdp_url": "https://sortiment.lidl.ch/de/salami-cacciatore-6000759",
  "product_description": "Artikelnr.: 6000759",
  "producthierarchy_level1": "Sortiment",
  "producthierarchy_level2": "Sortiment",
  "producthierarchy_level3": "Salami Cacciatore",
  "producthierarchy_level4": "",
  "producthierarchy_level5": "",
  "producthierarchy_level6": "",
  "producthierarchy_level7": "",
  "currency": "Swiss franc",
  "file_name_1": "6000759_1.jpg",
  "image_url_1": "https://sortiment.lidl.ch/media/catalog/product/cache/38c728e59b3a47950872534eff8a1e63/6/0/6000759_Salami_PSXX.jpg"
},
{
  "_id": {
    "$oid": "66f3a8c7d23ade1eec55fec0"
  },
  "unique_id": "2781",
  "product_name": "ASC Dorade Royal",
  "brand": "Fisher's Choice",
  "regular_price": 1.99,
  "selling_price": 1.99,
  "price_per_unit": "pro 100g, ca. 400-500g",
  "breadcrumb": "Sortiment > Sortiment > ASC Dorade Royal",
  "pdp_url": "https://sortiment.lidl.ch/de/asc-dorade-royal-0002781",
  "product_description": "Artikelnr.: 2781",
  "producthierarchy_level1": "Sortiment",
  "producthierarchy_level2": "Sortiment",
  "producthierarchy_level3": "ASC Dorade Royal",
  "producthierarchy_level4": "",
  "producthierarchy_level5": "",
  "producthierarchy_level6": "",
  "producthierarchy_level7": "",
  "currency": "Swiss franc",
  "file_name_1": "2781_1.jpg",
  "image_url_1": "https://sortiment.lidl.ch/media/catalog/product/cache/38c728e59b3a47950872534eff8a1e63/2/7/2781_FKBF.jpg",
  "file_name_2": "2781_2.jpg",
  "image_url_2": "https://sortiment.lidl.ch/media/catalog/product/cache/38c728e59b3a47950872534eff8a1e63/2/7/2781_PSXX.jpg"
},
{
  "_id": {
    "$oid": "66f3a8c9d23ade1eec55fec1"
  },
  "unique_id": "122325",
  "product_name": "MSC Kabeljau Rückenfilet",
  "brand": "Fisher's Choice",
  "regular_price": 6.99,
  "selling_price": 6.99,
  "price_per_unit": "pro 250g | 100g = 2.80 CHF",
  "breadcrumb": "Sortiment > Sortiment > MSC Kabeljau Rückenfilet",
  "pdp_url": "https://sortiment.lidl.ch/de/msc-kabeljau-rueckenfilet-0122325",
  "product_description": "Artikelnr.: 122325",
  "producthierarchy_level1": "Sortiment",
  "producthierarchy_level2": "Sortiment",
  "producthierarchy_level3": "MSC Kabeljau Rückenfilet",
  "producthierarchy_level4": "",
  "producthierarchy_level5": "",
  "producthierarchy_level6": "",
  "producthierarchy_level7": "",
  "currency": "Swiss franc",
  "file_name_1": "122325_1.jpg",
  "image_url_1": "https://sortiment.lidl.ch/media/catalog/product/cache/38c728e59b3a47950872534eff8a1e63/1/2/122325_FKBF.jpg",
  "file_name_2": "122325_2.jpg",
  "image_url_2": "https://sortiment.lidl.ch/media/catalog/product/cache/38c728e59b3a47950872534eff8a1e63/1/2/122325_PSXX.jpg"
},
{
  "_id": {
    "$oid": "66f3a8cad23ade1eec55fec2"
  },
  "unique_id": "122085",
  "product_name": "Sushi Japanese Style",
  "brand": "Deluxe",
  "regular_price": 9.99,
  "selling_price": 9.99,
  "price_per_unit": "pro 330g | 100g = 3.03 CHF",
  "breadcrumb": "Sortiment > Sortiment > Sushi Japanese Style",
  "pdp_url": "https://sortiment.lidl.ch/de/sushi-japanese-style-0122085",
  "product_description": "Artikelnr.: 122085",
  "producthierarchy_level1": "Sortiment",
  "producthierarchy_level2": "Sortiment",
  "producthierarchy_level3": "Sushi Japanese Style",
  "producthierarchy_level4": "",
  "producthierarchy_level5": "",
  "producthierarchy_level6": "",
  "producthierarchy_level7": "",
  "currency": "Swiss franc",
  "file_name_1": "122085_1.jpg",
  "image_url_1": "https://sortiment.lidl.ch/media/catalog/product/cache/38c728e59b3a47950872534eff8a1e63/1/2/122085_FKBF.jpg",
  "file_name_2": "122085_2.jpg",
  "image_url_2": "https://sortiment.lidl.ch/media/catalog/product/cache/38c728e59b3a47950872534eff8a1e63/1/2/122085_PSXX.jpg"
},
{
  "_id": {
    "$oid": "66f3a8cbd23ade1eec55fec3"
  },
  "unique_id": "114168",
  "product_name": "Sushi Box Tokyo-Style",
  "brand": "select & go",
  "regular_price": 11.99,
  "selling_price": 11.99,
  "price_per_unit": "pro 460g | 100g = 2.61 CHF",
  "breadcrumb": "Sortiment > Sortiment > Sushi Box Tokyo-Style",
  "pdp_url": "https://sortiment.lidl.ch/de/sushi-box-tokyo-style-0114168",
  "product_description": "Artikelnr.: 114168",
  "producthierarchy_level1": "Sortiment",
  "producthierarchy_level2": "Sortiment",
  "producthierarchy_level3": "Sushi Box Tokyo-Style",
  "producthierarchy_level4": "",
  "producthierarchy_level5": "",
  "producthierarchy_level6": "",
  "producthierarchy_level7": "",
  "currency": "Swiss franc",
  "file_name_1": "114168_1.jpg",
  "image_url_1": "https://sortiment.lidl.ch/media/amasty/amoptmobile/catalog/product/cache/38c728e59b3a47950872534eff8a1e63/1/1/114168_FKBF.jpg",
  "file_name_2": "114168_2.jpg",
  "image_url_2": "https://sortiment.lidl.ch/media/amasty/amoptmobile/catalog/product/cache/38c728e59b3a47950872534eff8a1e63/1/1/114168_PSXX.jpg"
},
{
  "_id": {
    "$oid": "66f3a8ccd23ade1eec55fec4"
  },
  "unique_id": "2912",
  "product_name": "ASC Pangasiusfilet",
  "brand": "Fisher's Choice",
  "regular_price": 1.98,
  "selling_price": 1.98,
  "price_per_unit": "pro 100g, ca. 300-420g",
  "breadcrumb": "Sortiment > Sortiment > ASC Pangasiusfilet",
  "pdp_url": "https://sortiment.lidl.ch/de/asc-pangasiusfilet-0002912",
  "product_description": "Artikelnr.: 2912",
  "producthierarchy_level1": "Sortiment",
  "producthierarchy_level2": "Sortiment",
  "producthierarchy_level3": "ASC Pangasiusfilet",
  "producthierarchy_level4": "",
  "producthierarchy_level5": "",
  "producthierarchy_level6": "",
  "producthierarchy_level7": "",
  "currency": "Swiss franc",
  "file_name_1": "2912_1.jpg",
  "image_url_1": "https://sortiment.lidl.ch/media/catalog/product/cache/38c728e59b3a47950872534eff8a1e63/2/9/2912_FKBF.jpg",
  "file_name_2": "2912_2.jpg",
  "image_url_2": "https://sortiment.lidl.ch/media/catalog/product/cache/38c728e59b3a47950872534eff8a1e63/2/9/2912_PSXX.jpg"
},
{
  "_id": {
    "$oid": "66f3a8cdd23ade1eec55fec5"
  },
  "unique_id": "52900",
  "product_name": "Gris Rosé IGP",
  "brand": "",
  "regular_price": 3.49,
  "selling_price": 3.49,
  "price_per_unit": "pro 0,75l | 1L = 4.66 CHF",
  "breadcrumb": "Sortiment > Sortiment > Gris Rosé IGP",
  "pdp_url": "https://sortiment.lidl.ch/de/gris-rose-igp-0052900",
  "product_description": "Artikelnr.: 52900",
  "producthierarchy_level1": "Sortiment",
  "producthierarchy_level2": "Sortiment",
  "producthierarchy_level3": "Gris Rosé IGP",
  "producthierarchy_level4": "",
  "producthierarchy_level5": "",
  "producthierarchy_level6": "",
  "producthierarchy_level7": "",
  "currency": "Swiss franc",
  "file_name_1": "52900_1.jpg",
  "image_url_1": "https://sortiment.lidl.ch/media/amasty/amoptmobile/catalog/product/cache/38c728e59b3a47950872534eff8a1e63/5/2/52900_PSWE.jpg"
},
{
  "_id": {
    "$oid": "66f3a8ced23ade1eec55fec6"
  },
  "unique_id": "27596",
  "product_name": "Pinot Grigio delle Venezie DOP",
  "brand": "Giulio Pasotti",
  "regular_price": 3.95,
  "selling_price": 3.95,
  "price_per_unit": "pro 0,75l | 1L = 5.27 CHF",
  "breadcrumb": "Sortiment > Sortiment > Pinot Grigio delle Venezie DOP",
  "pdp_url": "https://sortiment.lidl.ch/de/pinot-grigio-delle-venezie-dop-0027596",
  "product_description": "Artikelnr.: 27596",
  "producthierarchy_level1": "Sortiment",
  "producthierarchy_level2": "Sortiment",
  "producthierarchy_level3": "Pinot Grigio delle Venezie DOP",
  "producthierarchy_level4": "",
  "producthierarchy_level5": "",
  "producthierarchy_level6": "",
  "producthierarchy_level7": "",
  "currency": "Swiss franc",
  "file_name_1": "27596_1.jpg",
  "image_url_1": "https://sortiment.lidl.ch/media/catalog/product/cache/38c728e59b3a47950872534eff8a1e63/2/7/27596_PSWE.jpg"
},
{
  "_id": {
    "$oid": "66f3a8d0d23ade1eec55fec7"
  },
  "unique_id": "1966",
  "product_name": "Treize- Vents Villette Lavaux AOC",
  "brand": "Treize- Vents",
  "regular_price": 11.99,
  "selling_price": 11.99,
  "price_per_unit": "pro 0,7l | 1L = 17.13 CHF",
  "breadcrumb": "Sortiment > Sortiment > Treize- Vents Villette Lavaux AOC",
  "pdp_url": "https://sortiment.lidl.ch/de/treize-vents-villette-lavaux-aoc-0001966",
  "product_description": "Artikelnr.: 1966",
  "producthierarchy_level1": "Sortiment",
  "producthierarchy_level2": "Sortiment",
  "producthierarchy_level3": "Treize- Vents Villette Lavaux AOC",
  "producthierarchy_level4": "",
  "producthierarchy_level5": "",
  "producthierarchy_level6": "",
  "producthierarchy_level7": "",
  "currency": "Swiss franc",
  "file_name_1": "1966_1.jpg",
  "image_url_1": "https://sortiment.lidl.ch/media/catalog/product/cache/38c728e59b3a47950872534eff8a1e63/1/9/1966_PSWE_2.jpg"
},
{
  "_id": {
    "$oid": "66f3a8d1d23ade1eec55fec8"
  },
  "unique_id": "1012",
  "product_name": "St. Saphorin Lavaux AOC",
  "brand": "",
  "regular_price": 11.95,
  "selling_price": 8.35,
  "price_per_unit": "pro 0,7l | 1L = 11.93 CHF | LP 1l = 11.42 CHF",
  "breadcrumb": "Sortiment > Sortiment > St. Saphorin Lavaux AOC",
  "pdp_url": "https://sortiment.lidl.ch/de/st-saphorin-lavaux-aoc-0001012",
  "product_description": "Artikelnr.: 1012",
  "producthierarchy_level1": "Sortiment",
  "producthierarchy_level2": "Sortiment",
  "producthierarchy_level3": "St. Saphorin Lavaux AOC",
  "producthierarchy_level4": "",
  "producthierarchy_level5": "",
  "producthierarchy_level6": "",
  "producthierarchy_level7": "",
  "currency": "Swiss franc",
  "file_name_1": "1012_1.jpg",
  "image_url_1": "https://sortiment.lidl.ch/media/catalog/product/cache/38c728e59b3a47950872534eff8a1e63/1/0/1012_PSWE.jpg"
},
{
  "_id": {
    "$oid": "66f3a8d3d23ade1eec55fec9"
  },
  "unique_id": "1014",
  "product_name": "Ostschweiz Riesling-Silvaner",
  "brand": "",
  "regular_price": 6.95,
  "selling_price": 6.95,
  "price_per_unit": "pro 0,75l | 1L = 9.27 CHF",
  "breadcrumb": "Sortiment > Sortiment > Ostschweiz Riesling-Silvaner",
  "pdp_url": "https://sortiment.lidl.ch/de/ostschweiz-riesling-silvaner-0001014",
  "product_description": "Artikelnr.: 1014",
  "producthierarchy_level1": "Sortiment",
  "producthierarchy_level2": "Sortiment",
  "producthierarchy_level3": "Ostschweiz Riesling-Silvaner",
  "producthierarchy_level4": "",
  "producthierarchy_level5": "",
  "producthierarchy_level6": "",
  "producthierarchy_level7": "",
  "currency": "Swiss franc",
  "file_name_1": "1014_1.jpg",
  "image_url_1": "https://sortiment.lidl.ch/media/catalog/product/cache/38c728e59b3a47950872534eff8a1e63/1/0/1014_PSWE.jpg"
},
{
  "_id": {
    "$oid": "66f3a8d4d23ade1eec55feca"
  },
  "unique_id": "120824",
  "product_name": "Bio Bianco Terre Siciliane",
  "brand": "Caladelverde",
  "regular_price": 5.49,
  "selling_price": 5.49,
  "price_per_unit": "pro 0,75l | 1L = 7.32 CHF",
  "breadcrumb": "Sortiment > Sortiment > Bio Bianco Terre Siciliane",
  "pdp_url": "https://sortiment.lidl.ch/de/bio-bianco-terre-siciliane-0120824",
  "product_description": "Artikelnr.: 120824",
  "producthierarchy_level1": "Sortiment",
  "producthierarchy_level2": "Sortiment",
  "producthierarchy_level3": "Bio Bianco Terre Siciliane",
  "producthierarchy_level4": "",
  "producthierarchy_level5": "",
  "producthierarchy_level6": "",
  "producthierarchy_level7": "",
  "currency": "Swiss franc",
  "file_name_1": "120824_1.jpg",
  "image_url_1": "https://sortiment.lidl.ch/media/catalog/product/cache/38c728e59b3a47950872534eff8a1e63/1/2/120824_PSWE.jpg"
},
{
  "_id": {
    "$oid": "66f3a8d6d23ade1eec55fecb"
  },
  "unique_id": "115634",
  "product_name": "Vino blanco España",
  "brand": "",
  "regular_price": 9.29,
  "selling_price": 9.29,
  "price_per_unit": "pro 3l | 1L = 3.10 CHF",
  "breadcrumb": "Sortiment > Sortiment > Vino blanco España",
  "pdp_url": "https://sortiment.lidl.ch/de/vino-blanco-espa-a-0115634",
  "product_description": "Artikelnr.: 115634",
  "producthierarchy_level1": "Sortiment",
  "producthierarchy_level2": "Sortiment",
  "producthierarchy_level3": "Vino blanco España",
  "producthierarchy_level4": "",
  "producthierarchy_level5": "",
  "producthierarchy_level6": "",
  "producthierarchy_level7": "",
  "currency": "Swiss franc",
  "file_name_1": "115634_1.jpg",
  "image_url_1": "https://sortiment.lidl.ch/media/catalog/product/cache/38c728e59b3a47950872534eff8a1e63/1/1/115634_PSWE.jpg"
},
{
  "_id": {
    "$oid": "66f3a8d7d23ade1eec55fecc"
  },
  "unique_id": "74337",
  "product_name": "Sauvignon Blanc IGP",
  "brand": "Chevalier de Fauvert",
  "regular_price": 3.49,
  "selling_price": 3.49,
  "price_per_unit": "pro 0,75l | 1L = 4.66 CHF",
  "breadcrumb": "Sortiment > Sortiment > Sauvignon Blanc IGP",
  "pdp_url": "https://sortiment.lidl.ch/de/sauvignon-blanc-igp-0074337",
  "product_description": "Artikelnr.: 74337",
  "producthierarchy_level1": "Sortiment",
  "producthierarchy_level2": "Sortiment",
  "producthierarchy_level3": "Sauvignon Blanc IGP",
  "producthierarchy_level4": "",
  "producthierarchy_level5": "",
  "producthierarchy_level6": "",
  "producthierarchy_level7": "",
  "currency": "Swiss franc",
  "file_name_1": "74337_1.jpg",
  "image_url_1": "https://sortiment.lidl.ch/media/catalog/product/cache/38c728e59b3a47950872534eff8a1e63/7/4/74337_PSWE.jpg"
},
{
  "_id": {
    "$oid": "66f3a8d9d23ade1eec55fecd"
  },
  "unique_id": "29145",
  "product_name": "Chardonnay IGP",
  "brand": "Chevalier de Fauvert",
  "regular_price": 3.49,
  "selling_price": 3.49,
  "price_per_unit": "pro 0,75l | 1L = 4.66 CHF",
  "breadcrumb": "Sortiment > Sortiment > Chardonnay IGP",
  "pdp_url": "https://sortiment.lidl.ch/de/chardonnay-igp-0029145",
  "product_description": "Artikelnr.: 29145",
  "producthierarchy_level1": "Sortiment",
  "producthierarchy_level2": "Sortiment",
  "producthierarchy_level3": "Chardonnay IGP",
  "producthierarchy_level4": "",
  "producthierarchy_level5": "",
  "producthierarchy_level6": "",
  "producthierarchy_level7": "",
  "currency": "Swiss franc",
  "file_name_1": "29145_1.jpg",
  "image_url_1": "https://sortiment.lidl.ch/media/catalog/product/cache/38c728e59b3a47950872534eff8a1e63/2/9/29145_PSWE.jpg"
},
{
  "_id": {
    "$oid": "66f3a8dad23ade1eec55fece"
  },
  "unique_id": "25273",
  "product_name": "Weisswein lieblich",
  "brand": "Caveneta",
  "regular_price": 3.49,
  "selling_price": 3.49,
  "price_per_unit": "pro 1,5l | 1L = 2.33 CHF",
  "breadcrumb": "Sortiment > Sortiment > Weisswein lieblich",
  "pdp_url": "https://sortiment.lidl.ch/de/weisswein-lieblich-0025273",
  "product_description": "Artikelnr.: 25273",
  "producthierarchy_level1": "Sortiment",
  "producthierarchy_level2": "Sortiment",
  "producthierarchy_level3": "Weisswein lieblich",
  "producthierarchy_level4": "",
  "producthierarchy_level5": "",
  "producthierarchy_level6": "",
  "producthierarchy_level7": "",
  "currency": "Swiss franc",
  "file_name_1": "25273_1.jpg",
  "image_url_1": "https://sortiment.lidl.ch/media/catalog/product/cache/38c728e59b3a47950872534eff8a1e63/2/5/25273_PSWE.jpg"
},
{
  "_id": {
    "$oid": "66f3a8dbd23ade1eec55fecf"
  },
  "unique_id": "2036",
  "product_name": "Yvorne Chablais AOC",
  "brand": "",
  "regular_price": 13.99,
  "selling_price": 13.99,
  "price_per_unit": "pro 0,75l | 1L = 18.66 CHF",
  "breadcrumb": "Sortiment > Sortiment > Yvorne Chablais AOC",
  "pdp_url": "https://sortiment.lidl.ch/de/yvorne-chablais-aoc-0002036",
  "product_description": "Artikelnr.: 2036",
  "producthierarchy_level1": "Sortiment",
  "producthierarchy_level2": "Sortiment",
  "producthierarchy_level3": "Yvorne Chablais AOC",
  "producthierarchy_level4": "",
  "producthierarchy_level5": "",
  "producthierarchy_level6": "",
  "producthierarchy_level7": "",
  "currency": "Swiss franc",
  "file_name_1": "2036_1.jpg",
  "image_url_1": "https://sortiment.lidl.ch/media/catalog/product/cache/38c728e59b3a47950872534eff8a1e63/2/0/2036_PSWE.jpg"
},
{
  "_id": {
    "$oid": "66f3a8ddd23ade1eec55fed0"
  },
  "unique_id": "2035",
  "product_name": "Aigle AOC Chablais",
  "brand": "",
  "regular_price": 12.49,
  "selling_price": 12.49,
  "price_per_unit": "pro 0,75l | 1L = 16.66 CHF",
  "breadcrumb": "Sortiment > Sortiment > Aigle AOC Chablais",
  "pdp_url": "https://sortiment.lidl.ch/de/aigle-aoc-chablais-0002035",
  "product_description": "Artikelnr.: 2035",
  "producthierarchy_level1": "Sortiment",
  "producthierarchy_level2": "Sortiment",
  "producthierarchy_level3": "Aigle AOC Chablais",
  "producthierarchy_level4": "",
  "producthierarchy_level5": "",
  "producthierarchy_level6": "",
  "producthierarchy_level7": "",
  "currency": "Swiss franc",
  "file_name_1": "2035_1.jpg",
  "image_url_1": "https://sortiment.lidl.ch/media/catalog/product/cache/38c728e59b3a47950872534eff8a1e63/2/0/2035_PSWE.jpg"
},
{
  "_id": {
    "$oid": "66f3a8ded23ade1eec55fed1"
  },
  "unique_id": "1016",
  "product_name": "Delea Bianco di Merlot Ticino DOC",
  "brand": "Delea",
  "regular_price": 9.95,
  "selling_price": 9.95,
  "price_per_unit": "pro 0,75l | 1L = 13.27 CHF",
  "breadcrumb": "Sortiment > Sortiment > Delea Bianco di Merlot Ticino DOC",
  "pdp_url": "https://sortiment.lidl.ch/de/delea-bianco-di-merlot-ticino-doc-0001016",
  "product_description": "Artikelnr.: 1016",
  "producthierarchy_level1": "Sortiment",
  "producthierarchy_level2": "Sortiment",
  "producthierarchy_level3": "Delea Bianco di Merlot Ticino DOC",
  "producthierarchy_level4": "",
  "producthierarchy_level5": "",
  "producthierarchy_level6": "",
  "producthierarchy_level7": "",
  "currency": "Swiss franc",
  "file_name_1": "1016_1.jpg",
  "image_url_1": "https://sortiment.lidl.ch/media/catalog/product/cache/38c728e59b3a47950872534eff8a1e63/1/0/1016_PSWE.jpg"
},
{
  "_id": {
    "$oid": "66f3a8dfd23ade1eec55fed2"
  },
  "unique_id": "1013",
  "product_name": "Epesses Lavaux AOC",
  "brand": "",
  "regular_price": 10.95,
  "selling_price": 10.95,
  "price_per_unit": "pro 0,7l | 1L = 15.65 CHF",
  "breadcrumb": "Sortiment > Sortiment > Epesses Lavaux AOC",
  "pdp_url": "https://sortiment.lidl.ch/de/epesses-lavaux-aoc-0001013",
  "product_description": "Artikelnr.: 1013",
  "producthierarchy_level1": "Sortiment",
  "producthierarchy_level2": "Sortiment",
  "producthierarchy_level3": "Epesses Lavaux AOC",
  "producthierarchy_level4": "",
  "producthierarchy_level5": "",
  "producthierarchy_level6": "",
  "producthierarchy_level7": "",
  "currency": "Swiss franc",
  "file_name_1": "1013_1.jpg",
  "image_url_1": "https://sortiment.lidl.ch/media/catalog/product/cache/38c728e59b3a47950872534eff8a1e63/1/0/1013_PSWE.jpg"
},
{
  "_id": {
    "$oid": "66f3a8e0d23ade1eec55fed3"
  },
  "unique_id": "1011",
  "product_name": "La Côte AOC",
  "brand": "",
  "regular_price": 6.69,
  "selling_price": 6.69,
  "price_per_unit": "pro 0,75l | 1L = 8.92 CHF",
  "breadcrumb": "Sortiment > Sortiment > La Côte AOC",
  "pdp_url": "https://sortiment.lidl.ch/de/la-cote-aoc-0001011",
  "product_description": "Artikelnr.: 1011",
  "producthierarchy_level1": "Sortiment",
  "producthierarchy_level2": "Sortiment",
  "producthierarchy_level3": "La Côte AOC",
  "producthierarchy_level4": "",
  "producthierarchy_level5": "",
  "producthierarchy_level6": "",
  "producthierarchy_level7": "",
  "currency": "Swiss franc",
  "file_name_1": "1011_1.jpg",
  "image_url_1": "https://sortiment.lidl.ch/media/catalog/product/cache/38c728e59b3a47950872534eff8a1e63/1/0/1011_PSWE_1.jpg"
},
{
  "_id": {
    "$oid": "66f3a8e2d23ade1eec55fed4"
  },
  "unique_id": "1010",
  "product_name": "Chasselas Lavaux AOC",
  "brand": "",
  "regular_price": 9.95,
  "selling_price": 9.95,
  "price_per_unit": "pro 0,7l | 1L = 14.22 CHF",
  "breadcrumb": "Sortiment > Sortiment > Chasselas Lavaux AOC",
  "pdp_url": "https://sortiment.lidl.ch/de/chasselas-lavaux-aoc-0001010",
  "product_description": "Artikelnr.: 1010",
  "producthierarchy_level1": "Sortiment",
  "producthierarchy_level2": "Sortiment",
  "producthierarchy_level3": "Chasselas Lavaux AOC",
  "producthierarchy_level4": "",
  "producthierarchy_level5": "",
  "producthierarchy_level6": "",
  "producthierarchy_level7": "",
  "currency": "Swiss franc",
  "file_name_1": "1010_1.jpg",
  "image_url_1": "https://sortiment.lidl.ch/media/catalog/product/cache/38c728e59b3a47950872534eff8a1e63/1/0/1010_PSWE.jpg"
},
{
  "_id": {
    "$oid": "66f3a8e4d23ade1eec55fed5"
  },
  "unique_id": "1009",
  "product_name": "Féchy La côte AOC",
  "brand": "",
  "regular_price": 8.95,
  "selling_price": 8.95,
  "price_per_unit": "pro 0,75l | 1L = 11.94 CHF",
  "breadcrumb": "Sortiment > Sortiment > Féchy La côte AOC",
  "pdp_url": "https://sortiment.lidl.ch/de/fechy-la-cote-aoc-0001009",
  "product_description": "Artikelnr.: 1009",
  "producthierarchy_level1": "Sortiment",
  "producthierarchy_level2": "Sortiment",
  "producthierarchy_level3": "Féchy La côte AOC",
  "producthierarchy_level4": "",
  "producthierarchy_level5": "",
  "producthierarchy_level6": "",
  "producthierarchy_level7": "",
  "currency": "Swiss franc",
  "file_name_1": "1009_1.jpg",
  "image_url_1": "https://sortiment.lidl.ch/media/catalog/product/cache/38c728e59b3a47950872534eff8a1e63/1/0/1009_PSWE.jpg"
},
{
  "_id": {
    "$oid": "66f3a8e5d23ade1eec55fed6"
  },
  "unique_id": "1005",
  "product_name": "Heida AOC",
  "brand": "",
  "regular_price": 12.95,
  "selling_price": 12.95,
  "price_per_unit": "pro 0,75l | 1L = 17.27 CHF",
  "breadcrumb": "Sortiment > Sortiment > Heida AOC",
  "pdp_url": "https://sortiment.lidl.ch/de/heida-aoc-0001005",
  "product_description": "Artikelnr.: 1005",
  "producthierarchy_level1": "Sortiment",
  "producthierarchy_level2": "Sortiment",
  "producthierarchy_level3": "Heida AOC",
  "producthierarchy_level4": "",
  "producthierarchy_level5": "",
  "producthierarchy_level6": "",
  "producthierarchy_level7": "",
  "currency": "Swiss franc",
  "file_name_1": "1005_1.jpg",
  "image_url_1": "https://sortiment.lidl.ch/media/catalog/product/cache/38c728e59b3a47950872534eff8a1e63/1/0/1005_PSXX_1.jpg"
},
{
  "_id": {
    "$oid": "66f3a8e7d23ade1eec55fed7"
  },
  "unique_id": "21802",
  "product_name": "Salice Salentino DOC",
  "brand": "Porta Adoeno",
  "regular_price": 32.94,
  "selling_price": 21.96,
  "price_per_unit": "pro 0,75l | 1L = 29.28 CHF",
  "breadcrumb": "Sortiment > Sortiment > Salice Salentino DOC",
  "pdp_url": "https://sortiment.lidl.ch/de/salice-salentino-doc-0021802",
  "product_description": "Artikelnr.: 21802",
  "producthierarchy_level1": "Sortiment",
  "producthierarchy_level2": "Sortiment",
  "producthierarchy_level3": "Salice Salentino DOC",
  "producthierarchy_level4": "",
  "producthierarchy_level5": "",
  "producthierarchy_level6": "",
  "producthierarchy_level7": "",
  "currency": "Swiss franc",
  "file_name_1": "21802_1.jpg",
  "image_url_1": "https://sortiment.lidl.ch/media/catalog/product/cache/38c728e59b3a47950872534eff8a1e63/2/1/21802_PSWE.jpg"
},
{
  "_id": {
    "$oid": "66f3a8e8d23ade1eec55fed8"
  },
  "unique_id": "1027",
  "product_name": "Zizers Blauburgunder",
  "brand": "",
  "regular_price": 12.95,
  "selling_price": 12.95,
  "price_per_unit": "pro 0,75l | 1L = 17.27 CHF",
  "breadcrumb": "Sortiment > Sortiment > Zizers Blauburgunder",
  "pdp_url": "https://sortiment.lidl.ch/de/zizers-blauburgunder-0001027",
  "product_description": "Artikelnr.: 1027",
  "producthierarchy_level1": "Sortiment",
  "producthierarchy_level2": "Sortiment",
  "producthierarchy_level3": "Zizers Blauburgunder",
  "producthierarchy_level4": "",
  "producthierarchy_level5": "",
  "producthierarchy_level6": "",
  "producthierarchy_level7": "",
  "currency": "Swiss franc",
  "file_name_1": "1027_1.jpg",
  "image_url_1": "https://sortiment.lidl.ch/media/catalog/product/cache/38c728e59b3a47950872534eff8a1e63/1/0/1027_PSWE.jpg"
},
{
  "_id": {
    "$oid": "66f3a8e9d23ade1eec55fed9"
  },
  "unique_id": "27609",
  "product_name": "Negroamaro Salento IGP",
  "brand": "",
  "regular_price": 4.49,
  "selling_price": 4.49,
  "price_per_unit": "pro 0,75l | 1L = 5.99 CHF",
  "breadcrumb": "Sortiment > Sortiment > Negroamaro Salento IGP",
  "pdp_url": "https://sortiment.lidl.ch/de/negroamaro-salento-igp-0027609",
  "product_description": "Artikelnr.: 27609",
  "producthierarchy_level1": "Sortiment",
  "producthierarchy_level2": "Sortiment",
  "producthierarchy_level3": "Negroamaro Salento IGP",
  "producthierarchy_level4": "",
  "producthierarchy_level5": "",
  "producthierarchy_level6": "",
  "producthierarchy_level7": "",
  "currency": "Swiss franc",
  "file_name_1": "27609_1.jpg",
  "image_url_1": "https://sortiment.lidl.ch/media/catalog/product/cache/38c728e59b3a47950872534eff8a1e63/2/7/27609_PSWE.jpg"
},
{
  "_id": {
    "$oid": "66f3a8ebd23ade1eec55feda"
  },
  "unique_id": "21794",
  "product_name": "Saint- Emilion Grand Cru AOP",
  "brand": "",
  "regular_price": 11.95,
  "selling_price": 11.95,
  "price_per_unit": "pro 0,75l | 1L = 15.94 CHF",
  "breadcrumb": "Sortiment > Sortiment > Saint- Emilion Grand Cru AOP",
  "pdp_url": "https://sortiment.lidl.ch/de/saint-emilion-grand-cru-aop-0021794",
  "product_description": "Artikelnr.: 21794",
  "producthierarchy_level1": "Sortiment",
  "producthierarchy_level2": "Sortiment",
  "producthierarchy_level3": "Saint- Emilion Grand Cru AOP",
  "producthierarchy_level4": "",
  "producthierarchy_level5": "",
  "producthierarchy_level6": "",
  "producthierarchy_level7": "",
  "currency": "Swiss franc",
  "file_name_1": "21794_1.jpg",
  "image_url_1": "https://sortiment.lidl.ch/media/catalog/product/cache/38c728e59b3a47950872534eff8a1e63/2/1/21794_PSWE.jpg"
},
{
  "_id": {
    "$oid": "66f3a8ecd23ade1eec55fedb"
  },
  "unique_id": "6156",
  "product_name": "Dão Reserva DOC",
  "brand": "Torre de Ferro",
  "regular_price": 4.99,
  "selling_price": 4.99,
  "price_per_unit": "pro 0,75l | 1L = 6.66 CHF",
  "breadcrumb": "Sortiment > Sortiment > Dão Reserva DOC",
  "pdp_url": "https://sortiment.lidl.ch/de/d-o-reserva-doc-0006156",
  "product_description": "Artikelnr.: 6156",
  "producthierarchy_level1": "Sortiment",
  "producthierarchy_level2": "Sortiment",
  "producthierarchy_level3": "Dão Reserva DOC",
  "producthierarchy_level4": "",
  "producthierarchy_level5": "",
  "producthierarchy_level6": "",
  "producthierarchy_level7": "",
  "currency": "Swiss franc",
  "file_name_1": "6156_1.jpg",
  "image_url_1": "https://sortiment.lidl.ch/media/catalog/product/cache/38c728e59b3a47950872534eff8a1e63/6/1/6156_PSWE_1.jpg"
},
{
  "_id": {
    "$oid": "66f3a8edd23ade1eec55fedc"
  },
  "unique_id": "5705402",
  "product_name": "Gamellón Crianza",
  "brand": "",
  "regular_price": 9.99,
  "selling_price": 9.99,
  "price_per_unit": "pro 0,75l | 1L = 13.32 CHF",
  "breadcrumb": "Sortiment > Sortiment > Gamellón Crianza",
  "pdp_url": "https://sortiment.lidl.ch/de/gamellon-crianza-5705402",
  "product_description": "Artikelnr.: 5705402 D.O. - trocken",
  "producthierarchy_level1": "Sortiment",
  "producthierarchy_level2": "Sortiment",
  "producthierarchy_level3": "Gamellón Crianza",
  "producthierarchy_level4": "",
  "producthierarchy_level5": "",
  "producthierarchy_level6": "",
  "producthierarchy_level7": "",
  "currency": "Swiss franc",
  "file_name_1": "5705402_1.jpg",
  "image_url_1": "https://sortiment.lidl.ch/media/catalog/product/cache/38c728e59b3a47950872534eff8a1e63/5/7/5705402_PSWE_4.jpg"
},
{
  "_id": {
    "$oid": "66f3a8efd23ade1eec55fedd"
  },
  "unique_id": "5104190",
  "product_name": "Niepoort Fabelhaft",
  "brand": "Niepoort",
  "regular_price": 15.99,
  "selling_price": 15.99,
  "price_per_unit": "pro 0,75l | 1L = 21.32 CHF",
  "breadcrumb": "Sortiment > Sortiment > Niepoort Fabelhaft",
  "pdp_url": "https://sortiment.lidl.ch/de/niepoort-fabelhaft-5104190",
  "product_description": "Artikelnr.: 5104190 Niepoort DOC - trocken",
  "producthierarchy_level1": "Sortiment",
  "producthierarchy_level2": "Sortiment",
  "producthierarchy_level3": "Niepoort Fabelhaft",
  "producthierarchy_level4": "",
  "producthierarchy_level5": "",
  "producthierarchy_level6": "",
  "producthierarchy_level7": "",
  "currency": "Swiss franc",
  "file_name_1": "5104190_1.jpg",
  "image_url_1": "https://sortiment.lidl.ch/media/catalog/product/cache/38c728e59b3a47950872534eff8a1e63/5/1/5104190_PSWE_4.jpg"
},
{
  "_id": {
    "$oid": "66f3a8f0d23ade1eec55fede"
  },
  "unique_id": "95458",
  "product_name": "Sassi del Mare Maremma Toscana Rosso DOC",
  "brand": "Sassi del Mare",
  "regular_price": 9.99,
  "selling_price": 9.99,
  "price_per_unit": "pro 0,75l | 1L = 13.32 CHF",
  "breadcrumb": "Sortiment > Sortiment > Sassi del Mare Maremma Toscana Rosso DOC",
  "pdp_url": "https://sortiment.lidl.ch/de/sassi-del-mare-maremma-toscana-rosso-doc-0095458",
  "product_description": "Artikelnr.: 95458",
  "producthierarchy_level1": "Sortiment",
  "producthierarchy_level2": "Sortiment",
  "producthierarchy_level3": "Sassi del Mare Maremma Toscana Rosso DOC",
  "producthierarchy_level4": "",
  "producthierarchy_level5": "",
  "producthierarchy_level6": "",
  "producthierarchy_level7": "",
  "currency": "Swiss franc",
  "file_name_1": "95458_1.jpg",
  "image_url_1": "https://sortiment.lidl.ch/media/catalog/product/cache/38c728e59b3a47950872534eff8a1e63/9/5/95458_PSWE.jpg"
},
{
  "_id": {
    "$oid": "66f3a8f1d23ade1eec55fedf"
  },
  "unique_id": "79897",
  "product_name": "Cariñena Gran Reserva DO",
  "brand": "Monte Plogar",
  "regular_price": 5.49,
  "selling_price": 5.49,
  "price_per_unit": "pro 0,75l | 1L = 7.32 CHF",
  "breadcrumb": "Sortiment > Sortiment > Cariñena Gran Reserva DO",
  "pdp_url": "https://sortiment.lidl.ch/de/cari-ena-gran-reserva-do-0079897",
  "product_description": "Artikelnr.: 79897",
  "producthierarchy_level1": "Sortiment",
  "producthierarchy_level2": "Sortiment",
  "producthierarchy_level3": "Cariñena Gran Reserva DO",
  "producthierarchy_level4": "",
  "producthierarchy_level5": "",
  "producthierarchy_level6": "",
  "producthierarchy_level7": "",
  "currency": "Swiss franc",
  "file_name_1": "79897_1.jpg",
  "image_url_1": "https://sortiment.lidl.ch/media/catalog/product/cache/38c728e59b3a47950872534eff8a1e63/7/9/79897_PSWE.jpg"
},
{
  "_id": {
    "$oid": "66f3a8f2d23ade1eec55fee0"
  },
  "unique_id": "72070",
  "product_name": "Cepa Lebrel Rioja Reserva DOCa",
  "brand": "",
  "regular_price": 7.95,
  "selling_price": 7.95,
  "price_per_unit": "pro 0,75l | 1L = 10.60 CHF",
  "breadcrumb": "Sortiment > Sortiment > Cepa Lebrel Rioja Reserva DOCa",
  "pdp_url": "https://sortiment.lidl.ch/de/cepa-lebrel-rioja-reserva-doca-0072070",
  "product_description": "Artikelnr.: 72070",
  "producthierarchy_level1": "Sortiment",
  "producthierarchy_level2": "Sortiment",
  "producthierarchy_level3": "Cepa Lebrel Rioja Reserva DOCa",
  "producthierarchy_level4": "",
  "producthierarchy_level5": "",
  "producthierarchy_level6": "",
  "producthierarchy_level7": "",
  "currency": "Swiss franc",
  "file_name_1": "72070_1.jpg",
  "image_url_1": "https://sortiment.lidl.ch/media/catalog/product/cache/38c728e59b3a47950872534eff8a1e63/7/2/72070_PSWE.jpg"
},
{
  "_id": {
    "$oid": "66f3a8f3d23ade1eec55fee1"
  },
  "unique_id": "60324",
  "product_name": "Passo Orso Bio Montepulciano d'Abruzzo DOC",
  "brand": "Passo Orso",
  "regular_price": 3.95,
  "selling_price": 3.95,
  "price_per_unit": "pro 0,75l | 1L = 5.27 CHF",
  "breadcrumb": "Sortiment > Sortiment > Passo Orso Bio Montepulciano d'Abruzzo DOC",
  "pdp_url": "https://sortiment.lidl.ch/de/passo-orso-bio-montepulciano-d-abruzzo-doc-0060324",
  "product_description": "Artikelnr.: 60324",
  "producthierarchy_level1": "Sortiment",
  "producthierarchy_level2": "Sortiment",
  "producthierarchy_level3": "Passo Orso Bio Montepulciano d'Abruzzo DOC",
  "producthierarchy_level4": "",
  "producthierarchy_level5": "",
  "producthierarchy_level6": "",
  "producthierarchy_level7": "",
  "currency": "Swiss franc",
  "file_name_1": "60324_1.jpg",
  "image_url_1": "https://sortiment.lidl.ch/media/catalog/product/cache/38c728e59b3a47950872534eff8a1e63/6/0/60324_PSWE.jpg"
},
{
  "_id": {
    "$oid": "66f3a8f5d23ade1eec55fee2"
  },
  "unique_id": "58739",
  "product_name": "Amarone della Valpolicella DOCG",
  "brand": "",
  "regular_price": 14.49,
  "selling_price": 14.49,
  "price_per_unit": "pro 0,75l | 1L = 19.32 CHF",
  "breadcrumb": "Sortiment > Sortiment > Amarone della Valpolicella DOCG",
  "pdp_url": "https://sortiment.lidl.ch/de/amarone-della-valpolicella-docg-0058739",
  "product_description": "Artikelnr.: 58739",
  "producthierarchy_level1": "Sortiment",
  "producthierarchy_level2": "Sortiment",
  "producthierarchy_level3": "Amarone della Valpolicella DOCG",
  "producthierarchy_level4": "",
  "producthierarchy_level5": "",
  "producthierarchy_level6": "",
  "producthierarchy_level7": "",
  "currency": "Swiss franc",
  "file_name_1": "58739_1.jpg",
  "image_url_1": "https://sortiment.lidl.ch/media/catalog/product/cache/38c728e59b3a47950872534eff8a1e63/5/8/58739_PSWE.jpg"
},
{
  "_id": {
    "$oid": "66f3a8f6d23ade1eec55fee3"
  },
  "unique_id": "57644",
  "product_name": "Barolo DOCA",
  "brand": "",
  "regular_price": 13.95,
  "selling_price": 13.95,
  "price_per_unit": "pro 0,75l | 1L = 18.60 CHF",
  "breadcrumb": "Sortiment > Sortiment > Barolo DOCA",
  "pdp_url": "https://sortiment.lidl.ch/de/barolo-doca-0057644",
  "product_description": "Artikelnr.: 57644",
  "producthierarchy_level1": "Sortiment",
  "producthierarchy_level2": "Sortiment",
  "producthierarchy_level3": "Barolo DOCA",
  "producthierarchy_level4": "",
  "producthierarchy_level5": "",
  "producthierarchy_level6": "",
  "producthierarchy_level7": "",
  "currency": "Swiss franc",
  "file_name_1": "57644_1.jpg",
  "image_url_1": "https://sortiment.lidl.ch/media/catalog/product/cache/38c728e59b3a47950872534eff8a1e63/5/7/57644_PSWE.jpg"
},
{
  "_id": {
    "$oid": "66f3a8f8d23ade1eec55fee4"
  },
  "unique_id": "48121",
  "product_name": "Valpolicella Ripasso DOC",
  "brand": "",
  "regular_price": 6.95,
  "selling_price": 5.39,
  "price_per_unit": "pro 0,75l | 1L = 7.19 CHF",
  "breadcrumb": "Sortiment > Sortiment > Valpolicella Ripasso DOC",
  "pdp_url": "https://sortiment.lidl.ch/de/valpolicella-ripasso-doc-0048121",
  "product_description": "Artikelnr.: 48121",
  "producthierarchy_level1": "Sortiment",
  "producthierarchy_level2": "Sortiment",
  "producthierarchy_level3": "Valpolicella Ripasso DOC",
  "producthierarchy_level4": "",
  "producthierarchy_level5": "",
  "producthierarchy_level6": "",
  "producthierarchy_level7": "",
  "currency": "Swiss franc",
  "file_name_1": "48121_1.jpg",
  "image_url_1": "https://sortiment.lidl.ch/media/catalog/product/cache/38c728e59b3a47950872534eff8a1e63/4/8/48121_PSWE.jpg"
},
{
  "_id": {
    "$oid": "66f3a8f9d23ade1eec55fee5"
  },
  "unique_id": "34867",
  "product_name": "Brunello di Montalcino DOCG",
  "brand": "",
  "regular_price": 17.89,
  "selling_price": 17.89,
  "price_per_unit": "pro 0,75l | 1L = 23.86 CHF",
  "breadcrumb": "Sortiment > Sortiment > Brunello di Montalcino DOCG",
  "pdp_url": "https://sortiment.lidl.ch/de/brunello-di-montalcino-docg-0034867",
  "product_description": "Artikelnr.: 34867",
  "producthierarchy_level1": "Sortiment",
  "producthierarchy_level2": "Sortiment",
  "producthierarchy_level3": "Brunello di Montalcino DOCG",
  "producthierarchy_level4": "",
  "producthierarchy_level5": "",
  "producthierarchy_level6": "",
  "producthierarchy_level7": "",
  "currency": "Swiss franc",
  "file_name_1": "34867_1.jpg",
  "image_url_1": "https://sortiment.lidl.ch/media/catalog/product/cache/38c728e59b3a47950872534eff8a1e63/3/4/34867_PSWE_1.jpg"
},
{
  "_id": {
    "$oid": "66f3a8fad23ade1eec55fee6"
  },
  "unique_id": "27701",
  "product_name": "Côtes du Rhône AOP",
  "brand": "",
  "regular_price": 3.29,
  "selling_price": 3.29,
  "price_per_unit": "pro 0,75l | 1L = 4.39 CHF",
  "breadcrumb": "Sortiment > Sortiment > Côtes du Rhône AOP",
  "pdp_url": "https://sortiment.lidl.ch/de/cotes-du-rhone-aop-0027701",
  "product_description": "Artikelnr.: 27701",
  "producthierarchy_level1": "Sortiment",
  "producthierarchy_level2": "Sortiment",
  "producthierarchy_level3": "Côtes du Rhône AOP",
  "producthierarchy_level4": "",
  "producthierarchy_level5": "",
  "producthierarchy_level6": "",
  "producthierarchy_level7": "",
  "currency": "Swiss franc",
  "file_name_1": "27701_1.jpg",
  "image_url_1": "https://sortiment.lidl.ch/media/catalog/product/cache/38c728e59b3a47950872534eff8a1e63/2/7/27701_PSWE.jpg"
},
{
  "_id": {
    "$oid": "66f3a8fbd23ade1eec55fee7"
  },
  "unique_id": "25275",
  "product_name": "Rotwein lieblich",
  "brand": "Caveneta",
  "regular_price": 3.35,
  "selling_price": 3.35,
  "price_per_unit": "pro 1,5l | 1L = 2.24 CHF",
  "breadcrumb": "Sortiment > Sortiment > Rotwein lieblich",
  "pdp_url": "https://sortiment.lidl.ch/de/rotwein-lieblich-0025275",
  "product_description": "Artikelnr.: 25275",
  "producthierarchy_level1": "Sortiment",
  "producthierarchy_level2": "Sortiment",
  "producthierarchy_level3": "Rotwein lieblich",
  "producthierarchy_level4": "",
  "producthierarchy_level5": "",
  "producthierarchy_level6": "",
  "producthierarchy_level7": "",
  "currency": "Swiss franc",
  "file_name_1": "25275_1.jpg",
  "image_url_1": "https://sortiment.lidl.ch/media/catalog/product/cache/38c728e59b3a47950872534eff8a1e63/2/5/25275_PSWE.jpg"
},
{
  "_id": {
    "$oid": "66f3a8fdd23ade1eec55fee8"
  },
  "unique_id": "24773",
  "product_name": "Corte alle Mura Chianti DOCG",
  "brand": "Corte alle Mura",
  "regular_price": 3.79,
  "selling_price": 3.79,
  "price_per_unit": "pro 0,75l | 1L = 5.06 CHF",
  "breadcrumb": "Sortiment > Sortiment > Corte alle Mura Chianti DOCG",
  "pdp_url": "https://sortiment.lidl.ch/de/corte-alle-mura-chianti-docg-0024773",
  "product_description": "Artikelnr.: 24773",
  "producthierarchy_level1": "Sortiment",
  "producthierarchy_level2": "Sortiment",
  "producthierarchy_level3": "Corte alle Mura Chianti DOCG",
  "producthierarchy_level4": "",
  "producthierarchy_level5": "",
  "producthierarchy_level6": "",
  "producthierarchy_level7": "",
  "currency": "Swiss franc",
  "file_name_1": "24773_1.jpg",
  "image_url_1": "https://sortiment.lidl.ch/media/catalog/product/cache/38c728e59b3a47950872534eff8a1e63/2/4/24773_PSWE.jpg"
},
{
  "_id": {
    "$oid": "66f3a8fed23ade1eec55fee9"
  },
  "unique_id": "21853",
  "product_name": "Zweigelt N°1",
  "brand": "Golser",
  "regular_price": 5.99,
  "selling_price": 5.99,
  "price_per_unit": "pro 0,75l | 1L = 7.99 CHF",
  "breadcrumb": "Sortiment > Sortiment > Zweigelt N°1",
  "pdp_url": "https://sortiment.lidl.ch/de/zweigelt-n-1-0021853",
  "product_description": "Artikelnr.: 21853",
  "producthierarchy_level1": "Sortiment",
  "producthierarchy_level2": "Sortiment",
  "producthierarchy_level3": "Zweigelt N°1",
  "producthierarchy_level4": "",
  "producthierarchy_level5": "",
  "producthierarchy_level6": "",
  "producthierarchy_level7": "",
  "currency": "Swiss franc",
  "file_name_1": "21853_1.jpg",
  "image_url_1": "https://sortiment.lidl.ch/media/catalog/product/cache/38c728e59b3a47950872534eff8a1e63/2/1/21853_PSWE.jpg"
},
{
  "_id": {
    "$oid": "66f3a900d23ade1eec55feea"
  },
  "unique_id": "6157",
  "product_name": "Douro DOC Reserva",
  "brand": "Azinhaga de Ouro",
  "regular_price": 5.99,
  "selling_price": 5.99,
  "price_per_unit": "pro 0,75l | 1L = 7.99 CHF",
  "breadcrumb": "Sortiment > Sortiment > Douro DOC Reserva",
  "pdp_url": "https://sortiment.lidl.ch/de/douro-doc-reserva-0006157",
  "product_description": "Artikelnr.: 6157",
  "producthierarchy_level1": "Sortiment",
  "producthierarchy_level2": "Sortiment",
  "producthierarchy_level3": "Douro DOC Reserva",
  "producthierarchy_level4": "",
  "producthierarchy_level5": "",
  "producthierarchy_level6": "",
  "producthierarchy_level7": "",
  "currency": "Swiss franc",
  "file_name_1": "6157_1.jpg",
  "image_url_1": "https://sortiment.lidl.ch/media/catalog/product/cache/38c728e59b3a47950872534eff8a1e63/6/1/6157_PSWE.jpg"
},
{
  "_id": {
    "$oid": "66f3a901d23ade1eec55feeb"
  },
  "unique_id": "1026",
  "product_name": "Delea Rosso di Merlot DOC",
  "brand": "Delea",
  "regular_price": 9.85,
  "selling_price": 9.85,
  "price_per_unit": "pro 0,75l | 1L = 13.14 CHF",
  "breadcrumb": "Sortiment > Sortiment > Delea Rosso di Merlot DOC",
  "pdp_url": "https://sortiment.lidl.ch/de/delea-rosso-di-merlot-doc-0001026",
  "product_description": "Artikelnr.: 1026",
  "producthierarchy_level1": "Sortiment",
  "producthierarchy_level2": "Sortiment",
  "producthierarchy_level3": "Delea Rosso di Merlot DOC",
  "producthierarchy_level4": "",
  "producthierarchy_level5": "",
  "producthierarchy_level6": "",
  "producthierarchy_level7": "",
  "currency": "Swiss franc",
  "file_name_1": "1026_1.jpg",
  "image_url_1": "https://sortiment.lidl.ch/media/catalog/product/cache/38c728e59b3a47950872534eff8a1e63/1/0/1026_PSWE.jpg"
},
{
  "_id": {
    "$oid": "66f3a903d23ade1eec55feec"
  },
  "unique_id": "1025",
  "product_name": "Hallau Blauburgunder",
  "brand": "",
  "regular_price": 8.89,
  "selling_price": 8.89,
  "price_per_unit": "pro 0,75l | 1L = 11.86 CHF",
  "breadcrumb": "Sortiment > Sortiment > Hallau Blauburgunder",
  "pdp_url": "https://sortiment.lidl.ch/de/hallau-blauburgunder-0001025",
  "product_description": "Artikelnr.: 1025",
  "producthierarchy_level1": "Sortiment",
  "producthierarchy_level2": "Sortiment",
  "producthierarchy_level3": "Hallau Blauburgunder",
  "producthierarchy_level4": "",
  "producthierarchy_level5": "",
  "producthierarchy_level6": "",
  "producthierarchy_level7": "",
  "currency": "Swiss franc",
  "file_name_1": "1025_1.jpg",
  "image_url_1": "https://sortiment.lidl.ch/media/catalog/product/cache/38c728e59b3a47950872534eff8a1e63/1/0/1025_PSWE.jpg"
},
{
  "_id": {
    "$oid": "66f3a904d23ade1eec55feed"
  },
  "unique_id": "1024",
  "product_name": "Ostschweiz Pinot Noir",
  "brand": "",
  "regular_price": 6.95,
  "selling_price": 6.95,
  "price_per_unit": "pro 0,75l | 1L = 9.27 CHF",
  "breadcrumb": "Sortiment > Sortiment > Ostschweiz Pinot Noir",
  "pdp_url": "https://sortiment.lidl.ch/de/ostschweiz-pinot-noir-0001024",
  "product_description": "Artikelnr.: 1024",
  "producthierarchy_level1": "Sortiment",
  "producthierarchy_level2": "Sortiment",
  "producthierarchy_level3": "Ostschweiz Pinot Noir",
  "producthierarchy_level4": "",
  "producthierarchy_level5": "",
  "producthierarchy_level6": "",
  "producthierarchy_level7": "",
  "currency": "Swiss franc",
  "file_name_1": "1024_1.jpg",
  "image_url_1": "https://sortiment.lidl.ch/media/catalog/product/cache/38c728e59b3a47950872534eff8a1e63/1/0/1024_PSWE.jpg"
},
{
  "_id": {
    "$oid": "66f3a905d23ade1eec55feee"
  },
  "unique_id": "1020",
  "product_name": "Dôle du Valais AOC",
  "brand": "",
  "regular_price": 7.95,
  "selling_price": 7.95,
  "price_per_unit": "pro 0,75l | 1L = 10.60 CHF",
  "breadcrumb": "Sortiment > Sortiment > Dôle du Valais AOC",
  "pdp_url": "https://sortiment.lidl.ch/de/dole-du-valais-aoc-0001020",
  "product_description": "Artikelnr.: 1020",
  "producthierarchy_level1": "Sortiment",
  "producthierarchy_level2": "Sortiment",
  "producthierarchy_level3": "Dôle du Valais AOC",
  "producthierarchy_level4": "",
  "producthierarchy_level5": "",
  "producthierarchy_level6": "",
  "producthierarchy_level7": "",
  "currency": "Swiss franc",
  "file_name_1": "1020_1.jpg",
  "image_url_1": "https://sortiment.lidl.ch/media/catalog/product/cache/38c728e59b3a47950872534eff8a1e63/1/0/1020_PSWE.jpg"
},
{
  "_id": {
    "$oid": "66f3a907d23ade1eec55feef"
  },
  "unique_id": "1019",
  "product_name": "Gamay Romand VdP",
  "brand": "",
  "regular_price": 5.89,
  "selling_price": 5.89,
  "price_per_unit": "pro 0,75l | 1L = 7.86 CHF",
  "breadcrumb": "Sortiment > Sortiment > Gamay Romand VdP",
  "pdp_url": "https://sortiment.lidl.ch/de/gamay-romand-vdp-0001019",
  "product_description": "Artikelnr.: 1019",
  "producthierarchy_level1": "Sortiment",
  "producthierarchy_level2": "Sortiment",
  "producthierarchy_level3": "Gamay Romand VdP",
  "producthierarchy_level4": "",
  "producthierarchy_level5": "",
  "producthierarchy_level6": "",
  "producthierarchy_level7": "",
  "currency": "Swiss franc",
  "file_name_1": "1019_1.jpg",
  "image_url_1": "https://sortiment.lidl.ch/media/catalog/product/cache/38c728e59b3a47950872534eff8a1e63/1/0/1019_PSWE.jpg"
},
{
  "_id": {
    "$oid": "66f3a90ad23ade1eec55fef0"
  },
  "unique_id": "27309",
  "product_name": "Kleinflaschen Übersee",
  "brand": "Cimarosa",
  "regular_price": 1.99,
  "selling_price": 1.99,
  "price_per_unit": "pro 0,25l | 1L = 7.96 CHF",
  "breadcrumb": "Sortiment > Sortiment > Kleinflaschen Übersee",
  "pdp_url": "https://sortiment.lidl.ch/de/kleinflaschen-uebersee-0027309",
  "product_description": "Artikelnr.: 27309",
  "producthierarchy_level1": "Sortiment",
  "producthierarchy_level2": "Sortiment",
  "producthierarchy_level3": "Kleinflaschen Übersee",
  "producthierarchy_level4": "",
  "producthierarchy_level5": "",
  "producthierarchy_level6": "",
  "producthierarchy_level7": "",
  "currency": "Swiss franc",
  "file_name_1": "27309_1.jpg",
  "image_url_1": "https://sortiment.lidl.ch/media/catalog/product/cache/38c728e59b3a47950872534eff8a1e63/2/7/27309_CheninBlancAfrica_PSWE.jpg",
  "file_name_2": "27309_2.jpg",
  "image_url_2": "https://sortiment.lidl.ch/media/catalog/product/cache/38c728e59b3a47950872534eff8a1e63/2/7/27309_Chile_PSWE.jpg",
  "file_name_3": "27309_3.jpg",
  "image_url_3": "https://sortiment.lidl.ch/media/catalog/product/cache/38c728e59b3a47950872534eff8a1e63/2/7/27309_MerlotChile_PSWE.jpg",
  "file_name_4": "27309_4.jpg",
  "image_url_4": "https://sortiment.lidl.ch/media/catalog/product/cache/38c728e59b3a47950872534eff8a1e63/2/7/27309_USARose_PSWE.jpg"
},
{
  "_id": {
    "$oid": "66f3a90bd23ade1eec55fef1"
  },
  "unique_id": "34523",
  "product_name": "Ruby Cabernet",
  "brand": "Cimarosa",
  "regular_price": 3.95,
  "selling_price": 3.95,
  "price_per_unit": "pro 0,75l | 1L = 5.27 CHF",
  "breadcrumb": "Sortiment > Sortiment > Ruby Cabernet",
  "pdp_url": "https://sortiment.lidl.ch/de/ruby-cabernet-0034523",
  "product_description": "Artikelnr.: 34523",
  "producthierarchy_level1": "Sortiment",
  "producthierarchy_level2": "Sortiment",
  "producthierarchy_level3": "Ruby Cabernet",
  "producthierarchy_level4": "",
  "producthierarchy_level5": "",
  "producthierarchy_level6": "",
  "producthierarchy_level7": "",
  "currency": "Swiss franc",
  "file_name_1": "34523_1.jpg",
  "image_url_1": "https://sortiment.lidl.ch/media/catalog/product/cache/38c728e59b3a47950872534eff8a1e63/3/4/34523_PSXX.jpg"
},
{
  "_id": {
    "$oid": "66f3a90cd23ade1eec55fef2"
  },
  "unique_id": "34518",
  "product_name": "Cabernet Sauvignon",
  "brand": "Cimarosa",
  "regular_price": 3.99,
  "selling_price": 3.99,
  "price_per_unit": "pro 0,75l | 1L = 5.32 CHF",
  "breadcrumb": "Sortiment > Sortiment > Cabernet Sauvignon",
  "pdp_url": "https://sortiment.lidl.ch/de/cabernet-sauvignon-0034518",
  "product_description": "Artikelnr.: 34518",
  "producthierarchy_level1": "Sortiment",
  "producthierarchy_level2": "Sortiment",
  "producthierarchy_level3": "Cabernet Sauvignon",
  "producthierarchy_level4": "",
  "producthierarchy_level5": "",
  "producthierarchy_level6": "",
  "producthierarchy_level7": "",
  "currency": "Swiss franc",
  "file_name_1": "34518_1.jpg",
  "image_url_1": "https://sortiment.lidl.ch/media/catalog/product/cache/38c728e59b3a47950872534eff8a1e63/3/4/34518_PSWE.jpg"
},
{
  "_id": {
    "$oid": "66f3a90dd23ade1eec55fef3"
  },
  "unique_id": "34497",
  "product_name": "Shiraz",
  "brand": "Cimarosa",
  "regular_price": 3.95,
  "selling_price": 3.95,
  "price_per_unit": "pro 0,75l | 1L = 5.27 CHF",
  "breadcrumb": "Sortiment > Sortiment > Shiraz",
  "pdp_url": "https://sortiment.lidl.ch/de/shiraz-0034497",
  "product_description": "Artikelnr.: 34497",
  "producthierarchy_level1": "Sortiment",
  "producthierarchy_level2": "Sortiment",
  "producthierarchy_level3": "Shiraz",
  "producthierarchy_level4": "",
  "producthierarchy_level5": "",
  "producthierarchy_level6": "",
  "producthierarchy_level7": "",
  "currency": "Swiss franc",
  "file_name_1": "34497_1.jpg",
  "image_url_1": "https://sortiment.lidl.ch/media/catalog/product/cache/38c728e59b3a47950872534eff8a1e63/3/4/34497_PSWE.jpg"
},
{
  "_id": {
    "$oid": "66f3a90ed23ade1eec55fef4"
  },
  "unique_id": "34525",
  "product_name": "Chardonnay Colombard",
  "brand": "Cimarosa",
  "regular_price": 3.95,
  "selling_price": 3.95,
  "price_per_unit": "pro 0,75l | 1L = 5.27 CHF",
  "breadcrumb": "Sortiment > Sortiment > Chardonnay Colombard",
  "pdp_url": "https://sortiment.lidl.ch/de/chardonnay-colombard-0034525",
  "product_description": "Artikelnr.: 34525",
  "producthierarchy_level1": "Sortiment",
  "producthierarchy_level2": "Sortiment",
  "producthierarchy_level3": "Chardonnay Colombard",
  "producthierarchy_level4": "",
  "producthierarchy_level5": "",
  "producthierarchy_level6": "",
  "producthierarchy_level7": "",
  "currency": "Swiss franc",
  "file_name_1": "34525_1.jpg",
  "image_url_1": "https://sortiment.lidl.ch/media/catalog/product/cache/38c728e59b3a47950872534eff8a1e63/3/4/34525_PSWE.jpg"
},
{
  "_id": {
    "$oid": "66f3a90fd23ade1eec55fef5"
  },
  "unique_id": "77503",
  "product_name": "Hugo Frizzante",
  "brand": "",
  "regular_price": 3.89,
  "selling_price": 3.89,
  "price_per_unit": "pro 0,75l | 1L = 5.19 CHF",
  "breadcrumb": "Sortiment > Sortiment > Hugo Frizzante",
  "pdp_url": "https://sortiment.lidl.ch/de/hugo-frizzante-0077503",
  "product_description": "Artikelnr.: 77503",
  "producthierarchy_level1": "Sortiment",
  "producthierarchy_level2": "Sortiment",
  "producthierarchy_level3": "Hugo Frizzante",
  "producthierarchy_level4": "",
  "producthierarchy_level5": "",
  "producthierarchy_level6": "",
  "producthierarchy_level7": "",
  "currency": "Swiss franc",
  "file_name_1": "77503_1.jpg",
  "image_url_1": "https://sortiment.lidl.ch/media/amasty/amoptmobile/catalog/product/cache/38c728e59b3a47950872534eff8a1e63/7/7/77503_PSWE.jpg"
},
{
  "_id": {
    "$oid": "66f3a911d23ade1eec55fef6"
  },
  "unique_id": "58528",
  "product_name": "Secco Bianco",
  "brand": "Allini",
  "regular_price": 1.79,
  "selling_price": 1.79,
  "price_per_unit": "pro 0,2l | 1L = 8.95 CHF",
  "breadcrumb": "Sortiment > Sortiment > Secco Bianco",
  "pdp_url": "https://sortiment.lidl.ch/de/secco-bianco-0058528",
  "product_description": "Artikelnr.: 58528",
  "producthierarchy_level1": "Sortiment",
  "producthierarchy_level2": "Sortiment",
  "producthierarchy_level3": "Secco Bianco",
  "producthierarchy_level4": "",
  "producthierarchy_level5": "",
  "producthierarchy_level6": "",
  "producthierarchy_level7": "",
  "currency": "Swiss franc",
  "file_name_1": "58528_1.jpg",
  "image_url_1": "https://sortiment.lidl.ch/media/catalog/product/cache/38c728e59b3a47950872534eff8a1e63/5/8/58528_PSXX.jpg"
},
{
  "_id": {
    "$oid": "66f3a912d23ade1eec55fef7"
  },
  "unique_id": "54772",
  "product_name": "Secco Rosato",
  "brand": "Allini",
  "regular_price": 1.79,
  "selling_price": 1.79,
  "price_per_unit": "pro 0,2l | 1L = 8.95 CHF",
  "breadcrumb": "Sortiment > Sortiment > Secco Rosato",
  "pdp_url": "https://sortiment.lidl.ch/de/secco-rosato-0054772",
  "product_description": "Artikelnr.: 54772",
  "producthierarchy_level1": "Sortiment",
  "producthierarchy_level2": "Sortiment",
  "producthierarchy_level3": "Secco Rosato",
  "producthierarchy_level4": "",
  "producthierarchy_level5": "",
  "producthierarchy_level6": "",
  "producthierarchy_level7": "",
  "currency": "Swiss franc",
  "file_name_1": "54772_1.jpg",
  "image_url_1": "https://sortiment.lidl.ch/media/catalog/product/cache/38c728e59b3a47950872534eff8a1e63/5/4/54772_PSXX_1.jpg"
},
{
  "_id": {
    "$oid": "66f3a913d23ade1eec55fef8"
  },
  "unique_id": "30937",
  "product_name": "Tiramisu / Profiteroles",
  "brand": "Milbona Selection",
  "regular_price": 1.39,
  "selling_price": 1.39,
  "price_per_unit": "pro 2x80g, 2x90g | 100g = 0.87, 0.78 CHF",
  "breadcrumb": "Sortiment > Sortiment > Tiramisu / Profiteroles",
  "pdp_url": "https://sortiment.lidl.ch/de/tiramisu-profiteroles-0030937",
  "product_description": "Artikelnr.: 30937",
  "producthierarchy_level1": "Sortiment",
  "producthierarchy_level2": "Sortiment",
  "producthierarchy_level3": "Tiramisu / Profiteroles",
  "producthierarchy_level4": "",
  "producthierarchy_level5": "",
  "producthierarchy_level6": "",
  "producthierarchy_level7": "",
  "currency": "Swiss franc",
  "file_name_1": "30937_1.jpg",
  "image_url_1": "https://sortiment.lidl.ch/media/catalog/product/cache/38c728e59b3a47950872534eff8a1e63/3/0/30937_Profiteroles_PSXX.jpg",
  "file_name_2": "30937_2.jpg",
  "image_url_2": "https://sortiment.lidl.ch/media/catalog/product/cache/38c728e59b3a47950872534eff8a1e63/3/0/30937_Tiramisu_PSXX.jpg"
},
{
  "_id": {
    "$oid": "66f3a915d23ade1eec55fef9"
  },
  "unique_id": "3442",
  "product_name": "Danone Danette",
  "brand": "Danone",
  "regular_price": 3.59,
  "selling_price": 3.59,
  "price_per_unit": "pro 4x125g | 100g = 0.72 CHF",
  "breadcrumb": "Sortiment > Sortiment > Danone Danette",
  "pdp_url": "https://sortiment.lidl.ch/de/danone-danette-0003442",
  "product_description": "Artikelnr.: 3442",
  "producthierarchy_level1": "Sortiment",
  "producthierarchy_level2": "Sortiment",
  "producthierarchy_level3": "Danone Danette",
  "producthierarchy_level4": "",
  "producthierarchy_level5": "",
  "producthierarchy_level6": "",
  "producthierarchy_level7": "",
  "currency": "Swiss franc",
  "file_name_1": "3442_1.jpg",
  "image_url_1": "https://sortiment.lidl.ch/media/catalog/product/cache/38c728e59b3a47950872534eff8a1e63/3/4/3442_Caramel_PSXX.jpg",
  "file_name_2": "3442_2.jpg",
  "image_url_2": "https://sortiment.lidl.ch/media/catalog/product/cache/38c728e59b3a47950872534eff8a1e63/3/4/3442_Schokolade_PSXX.jpg",
  "file_name_3": "3442_3.jpg",
  "image_url_3": "https://sortiment.lidl.ch/media/catalog/product/cache/38c728e59b3a47950872534eff8a1e63/3/4/3442_Vanille_PSXX.jpg"
},
{
  "_id": {
    "$oid": "66f3a916d23ade1eec55fefa"
  },
  "unique_id": "2473",
  "product_name": "Müller Milchreis",
  "brand": "Müller",
  "regular_price": 1.19,
  "selling_price": 1.19,
  "price_per_unit": "pro 200g | 100g = 0.60 CHF",
  "breadcrumb": "Sortiment > Sortiment > Müller Milchreis",
  "pdp_url": "https://sortiment.lidl.ch/de/mueller-milchreis-0002473",
  "product_description": "Artikelnr.: 2473",
  "producthierarchy_level1": "Sortiment",
  "producthierarchy_level2": "Sortiment",
  "producthierarchy_level3": "Müller Milchreis",
  "producthierarchy_level4": "",
  "producthierarchy_level5": "",
  "producthierarchy_level6": "",
  "producthierarchy_level7": "",
  "currency": "Swiss franc",
  "file_name_1": "2473_1.jpg",
  "image_url_1": "https://sortiment.lidl.ch/media/catalog/product/cache/38c728e59b3a47950872534eff8a1e63/2/4/2473_Himbeer_PSXX_1.jpg",
  "file_name_2": "2473_2.jpg",
  "image_url_2": "https://sortiment.lidl.ch/media/catalog/product/cache/38c728e59b3a47950872534eff8a1e63/2/4/2473_Kirsche_PSXX.jpg",
  "file_name_3": "2473_3.jpg",
  "image_url_3": "https://sortiment.lidl.ch/media/catalog/product/cache/38c728e59b3a47950872534eff8a1e63/2/4/2473_Original_PSXX.jpg",
  "file_name_4": "2473_4.jpg",
  "image_url_4": "https://sortiment.lidl.ch/media/catalog/product/cache/38c728e59b3a47950872534eff8a1e63/2/4/2473_Schoko_PSXX.jpg",
  "file_name_5": "2473_5.jpg",
  "image_url_5": "https://sortiment.lidl.ch/media/catalog/product/cache/38c728e59b3a47950872534eff8a1e63/2/4/2473_Vanille_PSXX_1.jpg",
  "file_name_6": "2473_6.jpg",
  "image_url_6": "https://sortiment.lidl.ch/media/catalog/product/cache/38c728e59b3a47950872534eff8a1e63/2/4/2473_Zimt_PSXX.jpg"
},
{
  "_id": {
    "$oid": "66f3a917d23ade1eec55fefb"
  },
  "unique_id": "21274",
  "product_name": "Pudding mit Rahm",
  "brand": "Milbona",
  "regular_price": 0.45,
  "selling_price": 0.45,
  "price_per_unit": "pro 200g | 100g = 0.23 CHF",
  "breadcrumb": "Sortiment > Sortiment > Pudding mit Rahm",
  "pdp_url": "https://sortiment.lidl.ch/de/pudding-mit-rahm-0021274",
  "product_description": "Artikelnr.: 21274",
  "producthierarchy_level1": "Sortiment",
  "producthierarchy_level2": "Sortiment",
  "producthierarchy_level3": "Pudding mit Rahm",
  "producthierarchy_level4": "",
  "producthierarchy_level5": "",
  "producthierarchy_level6": "",
  "producthierarchy_level7": "",
  "currency": "Swiss franc",
  "file_name_1": "21274_1.jpg",
  "image_url_1": "https://sortiment.lidl.ch/media/catalog/product/cache/38c728e59b3a47950872534eff8a1e63/2/1/21274_Schoko_PSXX.jpg",
  "file_name_2": "21274_2.jpg",
  "image_url_2": "https://sortiment.lidl.ch/media/catalog/product/cache/38c728e59b3a47950872534eff8a1e63/2/1/21274_Vanille_PSXX.jpg"
},
{
  "_id": {
    "$oid": "66f3a918d23ade1eec55fefc"
  },
  "unique_id": "2937",
  "product_name": "Emmi Griess Töpfli",
  "brand": "Emmi",
  "regular_price": 1.59,
  "selling_price": 1.59,
  "price_per_unit": "pro 200g | 100g = 0.80 CHF",
  "breadcrumb": "Sortiment > Sortiment > Emmi Griess Töpfli",
  "pdp_url": "https://sortiment.lidl.ch/de/emmi-griess-toepfli-0002937",
  "product_description": "Artikelnr.: 2937",
  "producthierarchy_level1": "Sortiment",
  "producthierarchy_level2": "Sortiment",
  "producthierarchy_level3": "Emmi Griess Töpfli",
  "producthierarchy_level4": "",
  "producthierarchy_level5": "",
  "producthierarchy_level6": "",
  "producthierarchy_level7": "",
  "currency": "Swiss franc",
  "file_name_1": "2937_1.jpg",
  "image_url_1": "https://sortiment.lidl.ch/media/catalog/product/cache/38c728e59b3a47950872534eff8a1e63/2/9/2937_Nature_PSXX.jpg",
  "file_name_2": "2937_2.jpg",
  "image_url_2": "https://sortiment.lidl.ch/media/catalog/product/cache/38c728e59b3a47950872534eff8a1e63/2/9/2937_Rhabarber_Erdbeere_PSXX.jpg"
},
{
  "_id": {
    "$oid": "66f3a91ad23ade1eec55fefd"
  },
  "unique_id": "6009230",
  "product_name": "Cool Snack",
  "brand": "Milbona",
  "regular_price": 1.49,
  "selling_price": 1.49,
  "price_per_unit": "pro 6x30g | 100g = 0.83 CHF",
  "breadcrumb": "Sortiment > Sortiment > Cool Snack",
  "pdp_url": "https://sortiment.lidl.ch/de/cool-snack-6009230",
  "product_description": "Artikelnr.: 6009230",
  "producthierarchy_level1": "Sortiment",
  "producthierarchy_level2": "Sortiment",
  "producthierarchy_level3": "Cool Snack",
  "producthierarchy_level4": "",
  "producthierarchy_level5": "",
  "producthierarchy_level6": "",
  "producthierarchy_level7": "",
  "currency": "Swiss franc",
  "file_name_1": "6009230_1.jpg",
  "image_url_1": "https://sortiment.lidl.ch/media/catalog/product/cache/38c728e59b3a47950872534eff8a1e63/6/0/6009230_PSXX_1.jpg"
},
{
  "_id": {
    "$oid": "66f3a91bd23ade1eec55fefe"
  },
  "unique_id": "6004432",
  "product_name": "Milk Snack",
  "brand": "Milbona",
  "regular_price": 1.49,
  "selling_price": 1.49,
  "price_per_unit": "pro 6x28g | 100g = 0.89 CHF",
  "breadcrumb": "Sortiment > Sortiment > Milk Snack",
  "pdp_url": "https://sortiment.lidl.ch/de/milk-snack-6004432",
  "product_description": "Artikelnr.: 6004432",
  "producthierarchy_level1": "Sortiment",
  "producthierarchy_level2": "Sortiment",
  "producthierarchy_level3": "Milk Snack",
  "producthierarchy_level4": "",
  "producthierarchy_level5": "",
  "producthierarchy_level6": "",
  "producthierarchy_level7": "",
  "currency": "Swiss franc",
  "file_name_1": "6004432_1.jpg",
  "image_url_1": "https://sortiment.lidl.ch/media/catalog/product/cache/38c728e59b3a47950872534eff8a1e63/6/0/6004432_PSXX.jpg"
},
{
  "_id": {
    "$oid": "66f3a91cd23ade1eec55feff"
  },
  "unique_id": "57580",
  "product_name": "Crème Dessert",
  "brand": "Milbona Selection",
  "regular_price": 1.65,
  "selling_price": 1.65,
  "price_per_unit": "pro 500g | 100g = 0.33 CHF",
  "breadcrumb": "Sortiment > Sortiment > Crème Dessert",
  "pdp_url": "https://sortiment.lidl.ch/de/creme-dessert-0057580",
  "product_description": "Artikelnr.: 57580",
  "producthierarchy_level1": "Sortiment",
  "producthierarchy_level2": "Sortiment",
  "producthierarchy_level3": "Crème Dessert",
  "producthierarchy_level4": "",
  "producthierarchy_level5": "",
  "producthierarchy_level6": "",
  "producthierarchy_level7": "",
  "currency": "Swiss franc",
  "file_name_1": "57580_1.jpg",
  "image_url_1": "https://sortiment.lidl.ch/media/catalog/product/cache/38c728e59b3a47950872534eff8a1e63/5/7/57580_Schoko_PSXX.jpg",
  "file_name_2": "57580_2.jpg",
  "image_url_2": "https://sortiment.lidl.ch/media/catalog/product/cache/38c728e59b3a47950872534eff8a1e63/5/7/57580_Vanilla_PSXX.jpg"
},
{
  "_id": {
    "$oid": "66f3a91dd23ade1eec55ff00"
  },
  "unique_id": "28264",
  "product_name": "Flan Caramel",
  "brand": "Milbona",
  "regular_price": 1.29,
  "selling_price": 1.29,
  "price_per_unit": "pro 6x100g | 100g = 0.22 CHF",
  "breadcrumb": "Sortiment > Sortiment > Flan Caramel",
  "pdp_url": "https://sortiment.lidl.ch/de/flan-caramel-0028264",
  "product_description": "Artikelnr.: 28264",
  "producthierarchy_level1": "Sortiment",
  "producthierarchy_level2": "Sortiment",
  "producthierarchy_level3": "Flan Caramel",
  "producthierarchy_level4": "",
  "producthierarchy_level5": "",
  "producthierarchy_level6": "",
  "producthierarchy_level7": "",
  "currency": "Swiss franc",
  "file_name_1": "28264_1.jpg",
  "image_url_1": "https://sortiment.lidl.ch/media/catalog/product/cache/38c728e59b3a47950872534eff8a1e63/2/8/28264_PSXX.jpg"
},
{
  "_id": {
    "$oid": "66f3a91ed23ade1eec55ff01"
  },
  "unique_id": "2793",
  "product_name": "Ferrero Kinder Maxi King",
  "brand": "Ferrero",
  "regular_price": 1.95,
  "selling_price": 1.95,
  "price_per_unit": "pro 3x35g | 100g = 1.86 CHF",
  "breadcrumb": "Sortiment > Sortiment > Ferrero Kinder Maxi King",
  "pdp_url": "https://sortiment.lidl.ch/de/ferrero-kinder-maxi-king-0002793",
  "product_description": "Artikelnr.: 2793",
  "producthierarchy_level1": "Sortiment",
  "producthierarchy_level2": "Sortiment",
  "producthierarchy_level3": "Ferrero Kinder Maxi King",
  "producthierarchy_level4": "",
  "producthierarchy_level5": "",
  "producthierarchy_level6": "",
  "producthierarchy_level7": "",
  "currency": "Swiss franc",
  "file_name_1": "2793_1.jpg",
  "image_url_1": "https://sortiment.lidl.ch/media/catalog/product/cache/38c728e59b3a47950872534eff8a1e63/2/7/2793_PSXX.jpg"
},
{
  "_id": {
    "$oid": "66f3a91fd23ade1eec55ff02"
  },
  "unique_id": "1172",
  "product_name": "Ferrero Kinder Choco fresh",
  "brand": "Ferrero",
  "regular_price": 2.19,
  "selling_price": 2.19,
  "price_per_unit": "pro 5x20,5g | 100g = 2.15, 43.80 CHF",
  "breadcrumb": "Sortiment > Sortiment > Ferrero Kinder Choco fresh",
  "pdp_url": "https://sortiment.lidl.ch/de/ferrero-kinder-choco-fresh-0001172",
  "product_description": "Artikelnr.: 1172",
  "producthierarchy_level1": "Sortiment",
  "producthierarchy_level2": "Sortiment",
  "producthierarchy_level3": "Ferrero Kinder Choco fresh",
  "producthierarchy_level4": "",
  "producthierarchy_level5": "",
  "producthierarchy_level6": "",
  "producthierarchy_level7": "",
  "currency": "Swiss franc",
  "file_name_1": "1172_1.jpg",
  "image_url_1": "https://sortiment.lidl.ch/media/catalog/product/cache/38c728e59b3a47950872534eff8a1e63/1/1/1172_PSXX.jpg"
},
{
  "_id": {
    "$oid": "66f3a920d23ade1eec55ff03"
  },
  "unique_id": "1171",
  "product_name": "Kinder Milchschnitte",
  "brand": "Kinder",
  "regular_price": 1.69,
  "selling_price": 1.69,
  "price_per_unit": "pro 5x28g | 100g = 1.21 CHF",
  "breadcrumb": "Sortiment > Sortiment > Kinder Milchschnitte",
  "pdp_url": "https://sortiment.lidl.ch/de/kinder-milchschnitte-0001171",
  "product_description": "Artikelnr.: 1171",
  "producthierarchy_level1": "Sortiment",
  "producthierarchy_level2": "Sortiment",
  "producthierarchy_level3": "Kinder Milchschnitte",
  "producthierarchy_level4": "",
  "producthierarchy_level5": "",
  "producthierarchy_level6": "",
  "producthierarchy_level7": "",
  "currency": "Swiss franc",
  "file_name_1": "1171_1.jpg",
  "image_url_1": "https://sortiment.lidl.ch/media/amasty/amoptmobile/catalog/product/cache/38c728e59b3a47950872534eff8a1e63/1/1/1171_PSXX.jpg"
},
{
  "_id": {
    "$oid": "66f3a922d23ade1eec55ff04"
  },
  "unique_id": "1170",
  "product_name": "Kinder Pingui",
  "brand": "Ferrero",
  "regular_price": 1.69,
  "selling_price": 1.69,
  "price_per_unit": "pro 4x30g | 100g = 1.41 CHF",
  "breadcrumb": "Sortiment > Sortiment > Kinder Pingui",
  "pdp_url": "https://sortiment.lidl.ch/de/kinder-pingui-0001170",
  "product_description": "Artikelnr.: 1170",
  "producthierarchy_level1": "Sortiment",
  "producthierarchy_level2": "Sortiment",
  "producthierarchy_level3": "Kinder Pingui",
  "producthierarchy_level4": "",
  "producthierarchy_level5": "",
  "producthierarchy_level6": "",
  "producthierarchy_level7": "",
  "currency": "Swiss franc",
  "file_name_1": "1170_1.jpg",
  "image_url_1": "https://sortiment.lidl.ch/media/catalog/product/cache/38c728e59b3a47950872534eff8a1e63/1/1/1170_PSXX_1.jpg"
},
{
  "_id": {
    "$oid": "66f3a924d23ade1eec55ff05"
  },
  "unique_id": "1794",
  "product_name": "Backhefe",
  "brand": "",
  "regular_price": 0.25,
  "selling_price": 0.25,
  "price_per_unit": "pro 42g | 100g = 0.60 CHF",
  "breadcrumb": "Sortiment > Sortiment > Backhefe",
  "pdp_url": "https://sortiment.lidl.ch/de/backhefe-0001794",
  "product_description": "Artikelnr.: 1794",
  "producthierarchy_level1": "Sortiment",
  "producthierarchy_level2": "Sortiment",
  "producthierarchy_level3": "Backhefe",
  "producthierarchy_level4": "",
  "producthierarchy_level5": "",
  "producthierarchy_level6": "",
  "producthierarchy_level7": "",
  "currency": "Swiss franc",
  "file_name_1": "1794_1.jpg",
  "image_url_1": "https://sortiment.lidl.ch/media/catalog/product/cache/38c728e59b3a47950872534eff8a1e63/1/7/1794_PSXX.jpg"
},
{
  "_id": {
    "$oid": "66f3a925d23ade1eec55ff06"
  },
  "unique_id": "5107523",
  "product_name": "Bifidus Drink",
  "brand": "Milbona",
  "regular_price": 1.85,
  "selling_price": 1.85,
  "price_per_unit": "pro 500ml | 1L = 3.70 CHF",
  "breadcrumb": "Sortiment > Sortiment > Bifidus Drink",
  "pdp_url": "https://sortiment.lidl.ch/de/bifidus-drink-5107523",
  "product_description": "Artikelnr.: 5107523",
  "producthierarchy_level1": "Sortiment",
  "producthierarchy_level2": "Sortiment",
  "producthierarchy_level3": "Bifidus Drink",
  "producthierarchy_level4": "",
  "producthierarchy_level5": "",
  "producthierarchy_level6": "",
  "producthierarchy_level7": "",
  "currency": "Swiss franc",
  "file_name_1": "5107523_1.jpg",
  "image_url_1": "https://sortiment.lidl.ch/media/catalog/product/cache/38c728e59b3a47950872534eff8a1e63/5/1/5107523_Mango_PSXX_1.jpg",
  "file_name_2": "5107523_2.jpg",
  "image_url_2": "https://sortiment.lidl.ch/media/catalog/product/cache/38c728e59b3a47950872534eff8a1e63/5/1/5107523_erdbeer_PSXX.jpg",
  "file_name_3": "5107523_3.jpg",
  "image_url_3": "https://sortiment.lidl.ch/media/catalog/product/cache/38c728e59b3a47950872534eff8a1e63/5/1/5107523_mokka_PSXX.jpg"
},
{
  "_id": {
    "$oid": "66f3a926d23ade1eec55ff07"
  },
  "unique_id": "5107289",
  "product_name": "Emmi Energy Milk High Protein Drink",
  "brand": "Emmi",
  "regular_price": 2.85,
  "selling_price": 2.85,
  "price_per_unit": "pro 330ml | 1L = 8.64 CHF",
  "breadcrumb": "Sortiment > Sortiment > Emmi Energy Milk High Protein Drink",
  "pdp_url": "https://sortiment.lidl.ch/de/emmi-energy-milk-high-protein-drink-5107289",
  "product_description": "Artikelnr.: 5107289",
  "producthierarchy_level1": "Sortiment",
  "producthierarchy_level2": "Sortiment",
  "producthierarchy_level3": "Emmi Energy Milk High Protein Drink",
  "producthierarchy_level4": "",
  "producthierarchy_level5": "",
  "producthierarchy_level6": "",
  "producthierarchy_level7": "",
  "currency": "Swiss franc",
  "file_name_1": "5107289_1.jpg",
  "image_url_1": "https://sortiment.lidl.ch/media/catalog/product/cache/38c728e59b3a47950872534eff8a1e63/5/1/5107289_PSXX_1.jpg"
},
{
  "_id": {
    "$oid": "66f3a927d23ade1eec55ff08"
  },
  "unique_id": "5107288",
  "product_name": "Emmi Energy Milk High Protein Drink",
  "brand": "Emmi",
  "regular_price": 2.85,
  "selling_price": 2.85,
  "price_per_unit": "pro 330ml | 1L = 8.64 CHF",
  "breadcrumb": "Sortiment > Sortiment > Emmi Energy Milk High Protein Drink",
  "pdp_url": "https://sortiment.lidl.ch/de/emmi-energy-milk-high-protein-drink-5107288",
  "product_description": "Artikelnr.: 5107288",
  "producthierarchy_level1": "Sortiment",
  "producthierarchy_level2": "Sortiment",
  "producthierarchy_level3": "Emmi Energy Milk High Protein Drink",
  "producthierarchy_level4": "",
  "producthierarchy_level5": "",
  "producthierarchy_level6": "",
  "producthierarchy_level7": "",
  "currency": "Swiss franc",
  "file_name_1": "5107288_1.jpg",
  "image_url_1": "https://sortiment.lidl.ch/media/catalog/product/cache/38c728e59b3a47950872534eff8a1e63/5/1/5107288_PSXX_1.jpg"
},
{
  "_id": {
    "$oid": "66f3a928d23ade1eec55ff09"
  },
  "unique_id": "31588",
  "product_name": "Joghurt Drink",
  "brand": "Milbona",
  "regular_price": 1.79,
  "selling_price": 1.79,
  "price_per_unit": "pro 750g | 100g = 0.24 CHF",
  "breadcrumb": "Sortiment > Sortiment > Joghurt Drink",
  "pdp_url": "https://sortiment.lidl.ch/de/joghurt-drink-0031588",
  "product_description": "Artikelnr.: 31588",
  "producthierarchy_level1": "Sortiment",
  "producthierarchy_level2": "Sortiment",
  "producthierarchy_level3": "Joghurt Drink",
  "producthierarchy_level4": "",
  "producthierarchy_level5": "",
  "producthierarchy_level6": "",
  "producthierarchy_level7": "",
  "currency": "Swiss franc",
  "file_name_1": "31588_1.jpg",
  "image_url_1": "https://sortiment.lidl.ch/media/catalog/product/cache/38c728e59b3a47950872534eff8a1e63/3/1/31588_ErdbeerBanane_PSXX_1.jpg",
  "file_name_2": "31588_2.jpg",
  "image_url_2": "https://sortiment.lidl.ch/media/catalog/product/cache/38c728e59b3a47950872534eff8a1e63/3/1/31588_Erdbeer_PSXX_1.jpg",
  "file_name_3": "31588_3.jpg",
  "image_url_3": "https://sortiment.lidl.ch/media/catalog/product/cache/38c728e59b3a47950872534eff8a1e63/3/1/31588_Passion_PSXX_1.jpg"
},
{
  "_id": {
    "$oid": "66f3a929d23ade1eec55ff0a"
  },
  "unique_id": "3855",
  "product_name": "Danone Actimel Drink",
  "brand": "Danone",
  "regular_price": 8.19,
  "selling_price": 8.19,
  "price_per_unit": "pro 10x100g",
  "breadcrumb": "Sortiment > Sortiment > Danone Actimel Drink",
  "pdp_url": "https://sortiment.lidl.ch/de/danone-actimel-drink-0003855",
  "product_description": "Artikelnr.: 3855",
  "producthierarchy_level1": "Sortiment",
  "producthierarchy_level2": "Sortiment",
  "producthierarchy_level3": "Danone Actimel Drink",
  "producthierarchy_level4": "",
  "producthierarchy_level5": "",
  "producthierarchy_level6": "",
  "producthierarchy_level7": "",
  "currency": "Swiss franc",
  "file_name_1": "3855_1.jpg",
  "image_url_1": "https://sortiment.lidl.ch/media/catalog/product/cache/38c728e59b3a47950872534eff8a1e63/3/8/3855_Erdbeere_PSXX.jpg",
  "file_name_2": "3855_2.jpg",
  "image_url_2": "https://sortiment.lidl.ch/media/catalog/product/cache/38c728e59b3a47950872534eff8a1e63/3/8/3855_Multifrucht_PSXX.jpg"
},
{
  "_id": {
    "$oid": "66f3a92ad23ade1eec55ff0b"
  },
  "unique_id": "1658",
  "product_name": "Emmi Caffè Latte",
  "brand": "Emmi",
  "regular_price": 2.09,
  "selling_price": 2.09,
  "price_per_unit": "pro 230ml | 1L = 9.09 CHF",
  "breadcrumb": "Sortiment > Sortiment > Emmi Caffè Latte",
  "pdp_url": "https://sortiment.lidl.ch/de/emmi-caffe-latte-0001658",
  "product_description": "Artikelnr.: 1658",
  "producthierarchy_level1": "Sortiment",
  "producthierarchy_level2": "Sortiment",
  "producthierarchy_level3": "Emmi Caffè Latte",
  "producthierarchy_level4": "",
  "producthierarchy_level5": "",
  "producthierarchy_level6": "",
  "producthierarchy_level7": "",
  "currency": "Swiss franc",
  "file_name_1": "1658_1.jpg",
  "image_url_1": "https://sortiment.lidl.ch/media/catalog/product/cache/38c728e59b3a47950872534eff8a1e63/1/6/1658_Balance_PSXX_1.jpg",
  "file_name_2": "1658_2.jpg",
  "image_url_2": "https://sortiment.lidl.ch/media/catalog/product/cache/38c728e59b3a47950872534eff8a1e63/1/6/1658_Cappuccino_PSXX.jpg",
  "file_name_3": "1658_3.jpg",
  "image_url_3": "https://sortiment.lidl.ch/media/catalog/product/cache/38c728e59b3a47950872534eff8a1e63/1/6/1658_Espresso_PSXX.jpg",
  "file_name_4": "1658_4.jpg",
  "image_url_4": "https://sortiment.lidl.ch/media/catalog/product/cache/38c728e59b3a47950872534eff8a1e63/1/6/1658_Macchiato_PSXX.jpg"
},
{
  "_id": {
    "$oid": "66f3a92bd23ade1eec55ff0c"
  },
  "unique_id": "5106098",
  "product_name": "Molkerei Forster Naturejoghurt 3.5%",
  "brand": "Molkerei Forster",
  "regular_price": 2.99,
  "selling_price": 2.99,
  "price_per_unit": "pro 1000g",
  "breadcrumb": "Sortiment > Sortiment > Molkerei Forster Naturejoghurt 3.5%",
  "pdp_url": "https://sortiment.lidl.ch/de/molkerei-forster-naturejoghurt-3-5-5106098",
  "product_description": "Artikelnr.: 5106098",
  "producthierarchy_level1": "Sortiment",
  "producthierarchy_level2": "Sortiment",
  "producthierarchy_level3": "Molkerei Forster Naturejoghurt 3.5%",
  "producthierarchy_level4": "",
  "producthierarchy_level5": "",
  "producthierarchy_level6": "",
  "producthierarchy_level7": "",
  "currency": "Swiss franc",
  "file_name_1": "5106098_1.jpg",
  "image_url_1": "https://sortiment.lidl.ch/media/catalog/product/cache/38c728e59b3a47950872534eff8a1e63/5/1/5106098_PSXX_1.jpg"
},
{
  "_id": {
    "$oid": "66f3a92cd23ade1eec55ff0d"
  },
  "unique_id": "5104016",
  "product_name": "Naturjoghurt griechischer Art",
  "brand": "Milbona",
  "regular_price": 2.19,
  "selling_price": 2.19,
  "price_per_unit": "pro 500g | 100g = 0.44 CHF",
  "breadcrumb": "Sortiment > Sortiment > Naturjoghurt griechischer Art",
  "pdp_url": "https://sortiment.lidl.ch/de/naturjoghurt-griechischer-art-5104016",
  "product_description": "Artikelnr.: 5104016",
  "producthierarchy_level1": "Sortiment",
  "producthierarchy_level2": "Sortiment",
  "producthierarchy_level3": "Naturjoghurt griechischer Art",
  "producthierarchy_level4": "",
  "producthierarchy_level5": "",
  "producthierarchy_level6": "",
  "producthierarchy_level7": "",
  "currency": "Swiss franc",
  "file_name_1": "5104016_1.jpg",
  "image_url_1": "https://sortiment.lidl.ch/media/catalog/product/cache/38c728e59b3a47950872534eff8a1e63/5/1/5104016_PSXX.jpg"
},
{
  "_id": {
    "$oid": "66f3a92dd23ade1eec55ff0e"
  },
  "unique_id": "115569",
  "product_name": "Skyr Natur",
  "brand": "Milbona",
  "regular_price": 1.65,
  "selling_price": 1.65,
  "price_per_unit": "pro 350g | 100g = 0.48 CHF",
  "breadcrumb": "Sortiment > Sortiment > Skyr Natur",
  "pdp_url": "https://sortiment.lidl.ch/de/skyr-natur-0115569",
  "product_description": "Artikelnr.: 115569",
  "producthierarchy_level1": "Sortiment",
  "producthierarchy_level2": "Sortiment",
  "producthierarchy_level3": "Skyr Natur",
  "producthierarchy_level4": "",
  "producthierarchy_level5": "",
  "producthierarchy_level6": "",
  "producthierarchy_level7": "",
  "currency": "Swiss franc",
  "file_name_1": "115569_1.jpg",
  "image_url_1": "https://sortiment.lidl.ch/media/catalog/product/cache/38c728e59b3a47950872534eff8a1e63/1/1/115569_PSXX.jpg"
},
{
  "_id": {
    "$oid": "66f3a92ed23ade1eec55ff0f"
  },
  "unique_id": "2634",
  "product_name": "Bio Naturjoghurt 3.5%",
  "brand": "Milbona",
  "regular_price": 1.39,
  "selling_price": 1.39,
  "price_per_unit": "pro 500g | 100g = 0.28 CHF",
  "breadcrumb": "Sortiment > Sortiment > Bio Naturjoghurt 3.5%",
  "pdp_url": "https://sortiment.lidl.ch/de/bio-naturjoghurt-3-5-0002634",
  "product_description": "Artikelnr.: 2634",
  "producthierarchy_level1": "Sortiment",
  "producthierarchy_level2": "Sortiment",
  "producthierarchy_level3": "Bio Naturjoghurt 3.5%",
  "producthierarchy_level4": "",
  "producthierarchy_level5": "",
  "producthierarchy_level6": "",
  "producthierarchy_level7": "",
  "currency": "Swiss franc",
  "file_name_1": "2634_1.jpg",
  "image_url_1": "https://sortiment.lidl.ch/media/catalog/product/cache/38c728e59b3a47950872534eff8a1e63/2/6/2634_PSXX.jpg"
},
{
  "_id": {
    "$oid": "66f3a92fd23ade1eec55ff10"
  },
  "unique_id": "2197",
  "product_name": "Naturjoghurt 3.5% stichfest",
  "brand": "Milbona",
  "regular_price": 0.48,
  "selling_price": 0.48,
  "price_per_unit": "pro 200g | 100g = 0.24 CHF",
  "breadcrumb": "Sortiment > Sortiment > Naturjoghurt 3.5% stichfest",
  "pdp_url": "https://sortiment.lidl.ch/de/naturjoghurt-3-5-stichfest-0002197",
  "product_description": "Artikelnr.: 2197",
  "producthierarchy_level1": "Sortiment",
  "producthierarchy_level2": "Sortiment",
  "producthierarchy_level3": "Naturjoghurt 3.5% stichfest",
  "producthierarchy_level4": "",
  "producthierarchy_level5": "",
  "producthierarchy_level6": "",
  "producthierarchy_level7": "",
  "currency": "Swiss franc",
  "file_name_1": "2197_1.jpg",
  "image_url_1": "https://sortiment.lidl.ch/media/catalog/product/cache/38c728e59b3a47950872534eff8a1e63/2/1/2197_PSXX.jpg"
},
{
  "_id": {
    "$oid": "66f3a930d23ade1eec55ff11"
  },
  "unique_id": "1547",
  "product_name": "Naturjoghurt 3.5%",
  "brand": "Milbona",
  "regular_price": 1.19,
  "selling_price": 0.89,
  "price_per_unit": "pro 500g | LP 100g = 0.18 CHF",
  "breadcrumb": "Sortiment > Sortiment > Naturjoghurt 3.5%",
  "pdp_url": "https://sortiment.lidl.ch/de/naturjoghurt-3-5-0001547",
  "product_description": "Artikelnr.: 1547",
  "producthierarchy_level1": "Sortiment",
  "producthierarchy_level2": "Sortiment",
  "producthierarchy_level3": "Naturjoghurt 3.5%",
  "producthierarchy_level4": "",
  "producthierarchy_level5": "",
  "producthierarchy_level6": "",
  "producthierarchy_level7": "",
  "currency": "Swiss franc",
  "file_name_1": "1547_1.jpg",
  "image_url_1": "https://sortiment.lidl.ch/media/catalog/product/cache/38c728e59b3a47950872534eff8a1e63/1/5/1547_PSXX.jpg"
},
{
  "_id": {
    "$oid": "66f3a931d23ade1eec55ff12"
  },
  "unique_id": "1546",
  "product_name": "Naturjoghurt 1,5%",
  "brand": "Milbona",
  "regular_price": 0.85,
  "selling_price": 0.85,
  "price_per_unit": "pro 500g | 100g = 0.17 CHF",
  "breadcrumb": "Sortiment > Sortiment > Naturjoghurt 1,5%",
  "pdp_url": "https://sortiment.lidl.ch/de/naturjoghurt-1-5-0001546",
  "product_description": "Artikelnr.: 1546",
  "producthierarchy_level1": "Sortiment",
  "producthierarchy_level2": "Sortiment",
  "producthierarchy_level3": "Naturjoghurt 1,5%",
  "producthierarchy_level4": "",
  "producthierarchy_level5": "",
  "producthierarchy_level6": "",
  "producthierarchy_level7": "",
  "currency": "Swiss franc",
  "file_name_1": "1546_1.jpg",
  "image_url_1": "https://sortiment.lidl.ch/media/catalog/product/cache/38c728e59b3a47950872534eff8a1e63/1/5/1546_PSXX.jpg"
},
{
  "_id": {
    "$oid": "66f3a932d23ade1eec55ff13"
  },
  "unique_id": "5107286",
  "product_name": "Emmi Mix it",
  "brand": "Emmi",
  "regular_price": 1.85,
  "selling_price": 1.85,
  "price_per_unit": "pro 250g | 100g = 0.74 CHF",
  "breadcrumb": "Sortiment > Sortiment > Emmi Mix it",
  "pdp_url": "https://sortiment.lidl.ch/de/emmi-mix-it-5107286",
  "product_description": "Artikelnr.: 5107286",
  "producthierarchy_level1": "Sortiment",
  "producthierarchy_level2": "Sortiment",
  "producthierarchy_level3": "Emmi Mix it",
  "producthierarchy_level4": "",
  "producthierarchy_level5": "",
  "producthierarchy_level6": "",
  "producthierarchy_level7": "",
  "currency": "Swiss franc",
  "file_name_1": "5107286_1.jpg",
  "image_url_1": "https://sortiment.lidl.ch/media/catalog/product/cache/38c728e59b3a47950872534eff8a1e63/5/1/5107286_Amarena_PSXX_1.jpg",
  "file_name_2": "5107286_2.jpg",
  "image_url_2": "https://sortiment.lidl.ch/media/catalog/product/cache/38c728e59b3a47950872534eff8a1e63/5/1/5107286_Waldbeeren_PSXX_1.jpg"
},
{
  "_id": {
    "$oid": "66f3a934d23ade1eec55ff14"
  },
  "unique_id": "5105602",
  "product_name": "Emmi Joghurt Pur Erdbeere / Himbeer",
  "brand": "Emmi",
  "regular_price": 2.29,
  "selling_price": 2.29,
  "price_per_unit": "pro 2x150g | 100g = 0.77 CHF",
  "breadcrumb": "Sortiment > Sortiment > Emmi Joghurt Pur Erdbeere / Himbeer",
  "pdp_url": "https://sortiment.lidl.ch/de/emmi-joghurt-pur-erdbeere-himbeer-5105602",
  "product_description": "Artikelnr.: 5105602",
  "producthierarchy_level1": "Sortiment",
  "producthierarchy_level2": "Sortiment",
  "producthierarchy_level3": "Emmi Joghurt Pur Erdbeere / Himbeer",
  "producthierarchy_level4": "",
  "producthierarchy_level5": "",
  "producthierarchy_level6": "",
  "producthierarchy_level7": "",
  "currency": "Swiss franc",
  "file_name_1": "5105602_1.jpg",
  "image_url_1": "https://sortiment.lidl.ch/media/catalog/product/cache/38c728e59b3a47950872534eff8a1e63/5/1/5105602_Erdbeer_PSXX.jpg",
  "file_name_2": "5105602_2.jpg",
  "image_url_2": "https://sortiment.lidl.ch/media/catalog/product/cache/38c728e59b3a47950872534eff8a1e63/5/1/5105602_Himbeer_PSXX.jpg"
},
{
  "_id": {
    "$oid": "66f3a936d23ade1eec55ff15"
  },
  "unique_id": "115680",
  "product_name": "Skyr fruchtunterlegt",
  "brand": "Milbona",
  "regular_price": 1.25,
  "selling_price": 1.25,
  "price_per_unit": "pro 150g | 100g = 0.84 CHF",
  "breadcrumb": "Sortiment > Sortiment > Skyr fruchtunterlegt",
  "pdp_url": "https://sortiment.lidl.ch/de/skyr-fruchtunterlegt-0115680",
  "product_description": "Artikelnr.: 115680",
  "producthierarchy_level1": "Sortiment",
  "producthierarchy_level2": "Sortiment",
  "producthierarchy_level3": "Skyr fruchtunterlegt",
  "producthierarchy_level4": "",
  "producthierarchy_level5": "",
  "producthierarchy_level6": "",
  "producthierarchy_level7": "",
  "currency": "Swiss franc",
  "file_name_1": "115680_1.jpg",
  "image_url_1": "https://sortiment.lidl.ch/media/catalog/product/cache/38c728e59b3a47950872534eff8a1e63/1/1/115680_Erdbeere_PSXX_1.jpg",
  "file_name_2": "115680_2.jpg",
  "image_url_2": "https://sortiment.lidl.ch/media/catalog/product/cache/38c728e59b3a47950872534eff8a1e63/1/1/115680_Heidelbeere_PSXX_1.jpg",
  "file_name_3": "115680_3.jpg",
  "image_url_3": "https://sortiment.lidl.ch/media/catalog/product/cache/38c728e59b3a47950872534eff8a1e63/1/1/115680_Himbeere_PSXX_1.jpg",
  "file_name_4": "115680_4.jpg",
  "image_url_4": "https://sortiment.lidl.ch/media/catalog/product/cache/38c728e59b3a47950872534eff8a1e63/1/1/115680_Passionsfrucht_PSXX.jpg"
},
{
  "_id": {
    "$oid": "66f3a937d23ade1eec55ff16"
  },
  "unique_id": "28624",
  "product_name": "Fruchtjoghurt 0,1%",
  "brand": "Milbona",
  "regular_price": 0.45,
  "selling_price": 0.45,
  "price_per_unit": "pro 150g | 100g = 0.30 CHF",
  "breadcrumb": "Sortiment > Sortiment > Fruchtjoghurt 0,1%",
  "pdp_url": "https://sortiment.lidl.ch/de/fruchtjoghurt-0-1-0028624",
  "product_description": "Artikelnr.: 28624",
  "producthierarchy_level1": "Sortiment",
  "producthierarchy_level2": "Sortiment",
  "producthierarchy_level3": "Fruchtjoghurt 0,1%",
  "producthierarchy_level4": "",
  "producthierarchy_level5": "",
  "producthierarchy_level6": "",
  "producthierarchy_level7": "",
  "currency": "Swiss franc",
  "file_name_1": "28624_1.jpg",
  "image_url_1": "https://sortiment.lidl.ch/media/catalog/product/cache/38c728e59b3a47950872534eff8a1e63/2/8/28624_Blueberry_PSXX.jpg",
  "file_name_2": "28624_2.jpg",
  "image_url_2": "https://sortiment.lidl.ch/media/catalog/product/cache/38c728e59b3a47950872534eff8a1e63/2/8/28624_Peach_PSXX.jpg",
  "file_name_3": "28624_3.jpg",
  "image_url_3": "https://sortiment.lidl.ch/media/catalog/product/cache/38c728e59b3a47950872534eff8a1e63/2/8/28624_SourCherry_PSXX_1.jpg",
  "file_name_4": "28624_4.jpg",
  "image_url_4": "https://sortiment.lidl.ch/media/catalog/product/cache/38c728e59b3a47950872534eff8a1e63/2/8/28624_Strawberry_PSXX.jpg"
},
{
  "_id": {
    "$oid": "66f3a939d23ade1eec55ff17"
  },
  "unique_id": "3351",
  "product_name": "Bio Joghurt",
  "brand": "Milbona",
  "regular_price": 0.79,
  "selling_price": 0.79,
  "price_per_unit": "pro 180g | 100g = 0.44 CHF",
  "breadcrumb": "Sortiment > Sortiment > Bio Joghurt",
  "pdp_url": "https://sortiment.lidl.ch/de/bio-joghurt-0003351",
  "product_description": "Artikelnr.: 3351",
  "producthierarchy_level1": "Sortiment",
  "producthierarchy_level2": "Sortiment",
  "producthierarchy_level3": "Bio Joghurt",
  "producthierarchy_level4": "",
  "producthierarchy_level5": "",
  "producthierarchy_level6": "",
  "producthierarchy_level7": "",
  "currency": "Swiss franc",
  "file_name_1": "3351_1.jpg",
  "image_url_1": "https://sortiment.lidl.ch/media/catalog/product/cache/38c728e59b3a47950872534eff8a1e63/3/3/3351_Aprikosen_PSXX.jpg",
  "file_name_2": "3351_2.jpg",
  "image_url_2": "https://sortiment.lidl.ch/media/catalog/product/cache/38c728e59b3a47950872534eff8a1e63/3/3/3351_Erdbeere_PSXX.jpg",
  "file_name_3": "3351_3.jpg",
  "image_url_3": "https://sortiment.lidl.ch/media/catalog/product/cache/38c728e59b3a47950872534eff8a1e63/3/3/3351_Mango_PSXX.jpg",
  "file_name_4": "3351_4.jpg",
  "image_url_4": "https://sortiment.lidl.ch/media/catalog/product/cache/38c728e59b3a47950872534eff8a1e63/3/3/3351_Vanille_PSXX.jpg"
},
{
  "_id": {
    "$oid": "66f3a93ad23ade1eec55ff18"
  },
  "unique_id": "2693",
  "product_name": "Fruchtjoghurt griechischer Art",
  "brand": "Milbona",
  "regular_price": 0.85,
  "selling_price": 0.65,
  "price_per_unit": "pro 150g | 100g = 0.44 CHF",
  "breadcrumb": "Sortiment > Sortiment > Fruchtjoghurt griechischer Art",
  "pdp_url": "https://sortiment.lidl.ch/de/fruchtjoghurt-griechischer-art-0002693",
  "product_description": "Artikelnr.: 2693",
  "producthierarchy_level1": "Sortiment",
  "producthierarchy_level2": "Sortiment",
  "producthierarchy_level3": "Fruchtjoghurt griechischer Art",
  "producthierarchy_level4": "",
  "producthierarchy_level5": "",
  "producthierarchy_level6": "",
  "producthierarchy_level7": "",
  "currency": "Swiss franc",
  "file_name_1": "2693_1.jpg",
  "image_url_1": "https://sortiment.lidl.ch/media/catalog/product/cache/38c728e59b3a47950872534eff8a1e63/2/6/2693_Feige_PSXX.jpg",
  "file_name_2": "2693_2.jpg",
  "image_url_2": "https://sortiment.lidl.ch/media/catalog/product/cache/38c728e59b3a47950872534eff8a1e63/2/6/2693_Honig_Baumnuss_PSXX.jpg",
  "file_name_3": "2693_3.jpg",
  "image_url_3": "https://sortiment.lidl.ch/media/catalog/product/cache/38c728e59b3a47950872534eff8a1e63/2/6/2693_Honig_PSXX.jpg",
  "file_name_4": "2693_4.jpg",
  "image_url_4": "https://sortiment.lidl.ch/media/catalog/product/cache/38c728e59b3a47950872534eff8a1e63/2/6/2693_Nature_PSXX.jpg"
},
{
  "_id": {
    "$oid": "66f3a93bd23ade1eec55ff19"
  },
  "unique_id": "2263",
  "product_name": "Bio Fruchtjoghurt",
  "brand": "Milbona",
  "regular_price": 0.79,
  "selling_price": 0.79,
  "price_per_unit": "pro 180g | 100g = 0.44 CHF",
  "breadcrumb": "Sortiment > Sortiment > Bio Fruchtjoghurt",
  "pdp_url": "https://sortiment.lidl.ch/de/bio-fruchtjoghurt-0002263",
  "product_description": "Artikelnr.: 2263",
  "producthierarchy_level1": "Sortiment",
  "producthierarchy_level2": "Sortiment",
  "producthierarchy_level3": "Bio Fruchtjoghurt",
  "producthierarchy_level4": "",
  "producthierarchy_level5": "",
  "producthierarchy_level6": "",
  "producthierarchy_level7": "",
  "currency": "Swiss franc",
  "file_name_1": "2263_1.jpg",
  "image_url_1": "https://sortiment.lidl.ch/media/catalog/product/cache/38c728e59b3a47950872534eff8a1e63/2/2/2263_Brombeere_PSXX.jpg",
  "file_name_2": "2263_2.jpg",
  "image_url_2": "https://sortiment.lidl.ch/media/catalog/product/cache/38c728e59b3a47950872534eff8a1e63/2/2/2263_Heidelbeere_PSXX.jpg",
  "file_name_3": "2263_3.jpg",
  "image_url_3": "https://sortiment.lidl.ch/media/catalog/product/cache/38c728e59b3a47950872534eff8a1e63/2/2/2263_Himbeere_PSXX.jpg"
},
{
  "_id": {
    "$oid": "66f3a93dd23ade1eec55ff1a"
  },
  "unique_id": "1678",
  "product_name": "Nestlé Hirz Birchermüesli",
  "brand": "Nestlé Hirz",
  "regular_price": 1.99,
  "selling_price": 1.99,
  "price_per_unit": "pro 190g | 100g = 1.05 CHF",
  "breadcrumb": "Sortiment > Sortiment > Nestlé Hirz Birchermüesli",
  "pdp_url": "https://sortiment.lidl.ch/de/nestle-hirz-birchermueesli-0001678",
  "product_description": "Artikelnr.: 1678",
  "producthierarchy_level1": "Sortiment",
  "producthierarchy_level2": "Sortiment",
  "producthierarchy_level3": "Nestlé Hirz Birchermüesli",
  "producthierarchy_level4": "",
  "producthierarchy_level5": "",
  "producthierarchy_level6": "",
  "producthierarchy_level7": "",
  "currency": "Swiss franc",
  "file_name_1": "1678_1.jpg",
  "image_url_1": "https://sortiment.lidl.ch/media/catalog/product/cache/38c728e59b3a47950872534eff8a1e63/1/6/1678_Baies_PSXX_1.jpg",
  "file_name_2": "1678_2.jpg",
  "image_url_2": "https://sortiment.lidl.ch/media/catalog/product/cache/38c728e59b3a47950872534eff8a1e63/1/6/1678_Classic_PSXX_1.jpg"
},
{
  "_id": {
    "$oid": "66f3a93ed23ade1eec55ff1b"
  },
  "unique_id": "3512",
  "product_name": "Danone Activia",
  "brand": "Danone",
  "regular_price": 3.75,
  "selling_price": 3.75,
  "price_per_unit": "pro 4x115g | 100g = 0.82 CHF",
  "breadcrumb": "Sortiment > Sortiment > Danone Activia",
  "pdp_url": "https://sortiment.lidl.ch/de/danone-activia-0003512",
  "product_description": "Artikelnr.: 3512",
  "producthierarchy_level1": "Sortiment",
  "producthierarchy_level2": "Sortiment",
  "producthierarchy_level3": "Danone Activia",
  "producthierarchy_level4": "",
  "producthierarchy_level5": "",
  "producthierarchy_level6": "",
  "producthierarchy_level7": "",
  "currency": "Swiss franc",
  "file_name_1": "3512_1.jpg",
  "image_url_1": "https://sortiment.lidl.ch/media/catalog/product/cache/38c728e59b3a47950872534eff8a1e63/3/5/3512_Classic_PSXX.jpg",
  "file_name_2": "3512_2.jpg",
  "image_url_2": "https://sortiment.lidl.ch/media/catalog/product/cache/38c728e59b3a47950872534eff8a1e63/3/5/3512_Erdbeere_PSXX.jpg"
},
{
  "_id": {
    "$oid": "66f3a93fd23ade1eec55ff1c"
  },
  "unique_id": "3511",
  "product_name": "Danone Activia",
  "brand": "Danone",
  "regular_price": 3.75,
  "selling_price": 3.75,
  "price_per_unit": "pro 4x115g | 100g = 0.82 CHF",
  "breadcrumb": "Sortiment > Sortiment > Danone Activia",
  "pdp_url": "https://sortiment.lidl.ch/de/danone-activia-0003511",
  "product_description": "Artikelnr.: 3511",
  "producthierarchy_level1": "Sortiment",
  "producthierarchy_level2": "Sortiment",
  "producthierarchy_level3": "Danone Activia",
  "producthierarchy_level4": "",
  "producthierarchy_level5": "",
  "producthierarchy_level6": "",
  "producthierarchy_level7": "",
  "currency": "Swiss franc",
  "file_name_1": "3511_1.jpg",
  "image_url_1": "https://sortiment.lidl.ch/media/amasty/amoptmobile/catalog/product/cache/38c728e59b3a47950872534eff8a1e63/3/5/3511_Cerealien_PSXX_1.jpg",
  "file_name_2": "3511_2.jpg",
  "image_url_2": "https://sortiment.lidl.ch/media/catalog/product/cache/38c728e59b3a47950872534eff8a1e63/3/5/3511_PSXX.jpg"
},
{
  "_id": {
    "$oid": "66f3a940d23ade1eec55ff1d"
  },
  "unique_id": "2332",
  "product_name": "Schweizer Winterjoghurt",
  "brand": "Milbona",
  "regular_price": 0.65,
  "selling_price": 0.65,
  "price_per_unit": "pro 200g | 100g = 0.33 CHF",
  "breadcrumb": "Sortiment > Sortiment > Schweizer Winterjoghurt",
  "pdp_url": "https://sortiment.lidl.ch/de/schweizer-winterjoghurt-0002332",
  "product_description": "Artikelnr.: 2332",
  "producthierarchy_level1": "Sortiment",
  "producthierarchy_level2": "Sortiment",
  "producthierarchy_level3": "Schweizer Winterjoghurt",
  "producthierarchy_level4": "",
  "producthierarchy_level5": "",
  "producthierarchy_level6": "",
  "producthierarchy_level7": "",
  "currency": "Swiss franc",
  "file_name_1": "2332_1.jpg",
  "image_url_1": "https://sortiment.lidl.ch/media/catalog/product/cache/38c728e59b3a47950872534eff8a1e63/2/3/2332_ApfelZimt_PSXX.jpg",
  "file_name_2": "2332_2.jpg",
  "image_url_2": "https://sortiment.lidl.ch/media/catalog/product/cache/38c728e59b3a47950872534eff8a1e63/2/3/2332_Mandarine_PSXX.jpg",
  "file_name_3": "2332_3.jpg",
  "image_url_3": "https://sortiment.lidl.ch/media/catalog/product/cache/38c728e59b3a47950872534eff8a1e63/2/3/2332_Marroni_PSXX.jpg"
},
{
  "_id": {
    "$oid": "66f3a941d23ade1eec55ff1e"
  },
  "unique_id": "2329",
  "product_name": "Schweizer Joghurt Schokolade",
  "brand": "Milbona",
  "regular_price": 0.54,
  "selling_price": 0.54,
  "price_per_unit": "pro 200g | 100g = 0.27 CHF",
  "breadcrumb": "Sortiment > Sortiment > Schweizer Joghurt Schokolade",
  "pdp_url": "https://sortiment.lidl.ch/de/schweizer-joghurt-schokolade-0002329",
  "product_description": "Artikelnr.: 2329",
  "producthierarchy_level1": "Sortiment",
  "producthierarchy_level2": "Sortiment",
  "producthierarchy_level3": "Schweizer Joghurt Schokolade",
  "producthierarchy_level4": "",
  "producthierarchy_level5": "",
  "producthierarchy_level6": "",
  "producthierarchy_level7": "",
  "currency": "Swiss franc",
  "file_name_1": "2329_1.jpg",
  "image_url_1": "https://sortiment.lidl.ch/media/catalog/product/cache/38c728e59b3a47950872534eff8a1e63/2/3/2329_PSXX.jpg"
},
{
  "_id": {
    "$oid": "66f3a942d23ade1eec55ff1f"
  },
  "unique_id": "2324",
  "product_name": "Schweizer Joghurt Mokka",
  "brand": "Milbona",
  "regular_price": 0.54,
  "selling_price": 0.54,
  "price_per_unit": "pro 200g | 100g = 0.27 CHF",
  "breadcrumb": "Sortiment > Sortiment > Schweizer Joghurt Mokka",
  "pdp_url": "https://sortiment.lidl.ch/de/schweizer-joghurt-mokka-0002324",
  "product_description": "Artikelnr.: 2324",
  "producthierarchy_level1": "Sortiment",
  "producthierarchy_level2": "Sortiment",
  "producthierarchy_level3": "Schweizer Joghurt Mokka",
  "producthierarchy_level4": "",
  "producthierarchy_level5": "",
  "producthierarchy_level6": "",
  "producthierarchy_level7": "",
  "currency": "Swiss franc",
  "file_name_1": "2324_1.jpg",
  "image_url_1": "https://sortiment.lidl.ch/media/catalog/product/cache/38c728e59b3a47950872534eff8a1e63/2/3/2324_PSXX_1.jpg"
},
{
  "_id": {
    "$oid": "66f3a943d23ade1eec55ff20"
  },
  "unique_id": "1576",
  "product_name": "Schweizer Joghurt Caramel",
  "brand": "Milbona",
  "regular_price": 0.54,
  "selling_price": 0.54,
  "price_per_unit": "pro 200g | 100g = 0.27 CHF",
  "breadcrumb": "Sortiment > Sortiment > Schweizer Joghurt Caramel",
  "pdp_url": "https://sortiment.lidl.ch/de/schweizer-joghurt-caramel-0001576",
  "product_description": "Artikelnr.: 1576",
  "producthierarchy_level1": "Sortiment",
  "producthierarchy_level2": "Sortiment",
  "producthierarchy_level3": "Schweizer Joghurt Caramel",
  "producthierarchy_level4": "",
  "producthierarchy_level5": "",
  "producthierarchy_level6": "",
  "producthierarchy_level7": "",
  "currency": "Swiss franc",
  "file_name_1": "1576_1.jpg",
  "image_url_1": "https://sortiment.lidl.ch/media/catalog/product/cache/38c728e59b3a47950872534eff8a1e63/1/5/1576_PSXX.jpg"
},
{
  "_id": {
    "$oid": "66f3a944d23ade1eec55ff21"
  },
  "unique_id": "12250",
  "product_name": "Fruchtquark 0,2%",
  "brand": "Milbona",
  "regular_price": 2.29,
  "selling_price": 2.29,
  "price_per_unit": "pro 500g | 100g = 0.46 CHF",
  "breadcrumb": "Sortiment > Sortiment > Fruchtquark 0,2%",
  "pdp_url": "https://sortiment.lidl.ch/de/fruchtquark-0-2-0012250",
  "product_description": "Artikelnr.: 12250",
  "producthierarchy_level1": "Sortiment",
  "producthierarchy_level2": "Sortiment",
  "producthierarchy_level3": "Fruchtquark 0,2%",
  "producthierarchy_level4": "",
  "producthierarchy_level5": "",
  "producthierarchy_level6": "",
  "producthierarchy_level7": "",
  "currency": "Swiss franc",
  "file_name_1": "12250_1.jpg",
  "image_url_1": "https://sortiment.lidl.ch/media/catalog/product/cache/38c728e59b3a47950872534eff8a1e63/1/2/12250_Erdbeere_PSXX.jpg",
  "file_name_2": "12250_2.jpg",
  "image_url_2": "https://sortiment.lidl.ch/media/catalog/product/cache/38c728e59b3a47950872534eff8a1e63/1/2/12250_Pfirsich_PSXX.jpg",
  "file_name_3": "12250_3.jpg",
  "image_url_3": "https://sortiment.lidl.ch/media/catalog/product/cache/38c728e59b3a47950872534eff8a1e63/1/2/12250_Vanille_PSXX.jpg"
},
{
  "_id": {
    "$oid": "66f3a946d23ade1eec55ff22"
  },
  "unique_id": "115237",
  "product_name": "Fruit King 2 in 1",
  "brand": "Milbona",
  "regular_price": 1.99,
  "selling_price": 1.99,
  "price_per_unit": "pro 4x100g | 100g = 0.50 CHF",
  "breadcrumb": "Sortiment > Sortiment > Fruit King 2 in 1",
  "pdp_url": "https://sortiment.lidl.ch/de/fruit-king-2-in-1-0115237",
  "product_description": "Artikelnr.: 115237",
  "producthierarchy_level1": "Sortiment",
  "producthierarchy_level2": "Sortiment",
  "producthierarchy_level3": "Fruit King 2 in 1",
  "producthierarchy_level4": "",
  "producthierarchy_level5": "",
  "producthierarchy_level6": "",
  "producthierarchy_level7": "",
  "currency": "Swiss franc",
  "file_name_1": "115237_1.jpg",
  "image_url_1": "https://sortiment.lidl.ch/media/catalog/product/cache/38c728e59b3a47950872534eff8a1e63/1/1/115237_ErdbeerBanane_PSXX.jpg",
  "file_name_2": "115237_2.jpg",
  "image_url_2": "https://sortiment.lidl.ch/media/catalog/product/cache/38c728e59b3a47950872534eff8a1e63/1/1/115237_Erdbeere_Banane_PSXX.jpg",
  "file_name_3": "115237_3.jpg",
  "image_url_3": "https://sortiment.lidl.ch/media/catalog/product/cache/38c728e59b3a47950872534eff8a1e63/1/1/115237_HimbeerVanille_PSXX.jpg"
},
{
  "_id": {
    "$oid": "66f3a948d23ade1eec55ff23"
  },
  "unique_id": "73996",
  "product_name": "Quark 0,2% nature",
  "brand": "Milbona",
  "regular_price": 1.75,
  "selling_price": 1.75,
  "price_per_unit": "pro 500g | 100g = 0.35 CHF",
  "breadcrumb": "Sortiment > Sortiment > Quark 0,2% nature",
  "pdp_url": "https://sortiment.lidl.ch/de/quark-0-2-nature-0073996",
  "product_description": "Artikelnr.: 73996",
  "producthierarchy_level1": "Sortiment",
  "producthierarchy_level2": "Sortiment",
  "producthierarchy_level3": "Quark 0,2% nature",
  "producthierarchy_level4": "",
  "producthierarchy_level5": "",
  "producthierarchy_level6": "",
  "producthierarchy_level7": "",
  "currency": "Swiss franc",
  "file_name_1": "73996_1.jpg",
  "image_url_1": "https://sortiment.lidl.ch/media/catalog/product/cache/38c728e59b3a47950872534eff8a1e63/7/3/73996_PSXX.jpg"
},
{
  "_id": {
    "$oid": "66f3a949d23ade1eec55ff24"
  },
  "unique_id": "21286",
  "product_name": "Fruit King",
  "brand": "Milbona",
  "regular_price": 1.99,
  "selling_price": 1.49,
  "price_per_unit": "pro 12x60g | LP 100g = 0.21 CHF",
  "breadcrumb": "Sortiment > Sortiment > Fruit King",
  "pdp_url": "https://sortiment.lidl.ch/de/fruit-king-0021286",
  "product_description": "Artikelnr.: 21286",
  "producthierarchy_level1": "Sortiment",
  "producthierarchy_level2": "Sortiment",
  "producthierarchy_level3": "Fruit King",
  "producthierarchy_level4": "",
  "producthierarchy_level5": "",
  "producthierarchy_level6": "",
  "producthierarchy_level7": "",
  "currency": "Swiss franc",
  "file_name_1": "21286_1.jpg",
  "image_url_1": "https://sortiment.lidl.ch/media/catalog/product/cache/38c728e59b3a47950872534eff8a1e63/2/1/21286_PSXX.jpg"
},
{
  "_id": {
    "$oid": "66f3a94ad23ade1eec55ff25"
  },
  "unique_id": "3445",
  "product_name": "Danone Danonino Quark",
  "brand": "Danone",
  "regular_price": 2.95,
  "selling_price": 2.95,
  "price_per_unit": "pro 8x50g | 100g = 0.74 CHF",
  "breadcrumb": "Sortiment > Sortiment > Danone Danonino Quark",
  "pdp_url": "https://sortiment.lidl.ch/de/danone-danonino-quark-0003445",
  "product_description": "Artikelnr.: 3445",
  "producthierarchy_level1": "Sortiment",
  "producthierarchy_level2": "Sortiment",
  "producthierarchy_level3": "Danone Danonino Quark",
  "producthierarchy_level4": "",
  "producthierarchy_level5": "",
  "producthierarchy_level6": "",
  "producthierarchy_level7": "",
  "currency": "Swiss franc",
  "file_name_1": "3445_1.jpg",
  "image_url_1": "https://sortiment.lidl.ch/media/catalog/product/cache/38c728e59b3a47950872534eff8a1e63/3/4/3445_PSXX.jpg"
},
{
  "_id": {
    "$oid": "66f3a94bd23ade1eec55ff26"
  },
  "unique_id": "5106942",
  "product_name": "Poulet Ganz",
  "brand": "Bonvalle",
  "regular_price": 0.59,
  "selling_price": 0.59,
  "price_per_unit": "pro 100g, ca. 700g-1300g",
  "breadcrumb": "Sortiment > Sortiment > Poulet Ganz",
  "pdp_url": "https://sortiment.lidl.ch/de/poulet-ganz-5106942",
  "product_description": "Artikelnr.: 5106942",
  "producthierarchy_level1": "Sortiment",
  "producthierarchy_level2": "Sortiment",
  "producthierarchy_level3": "Poulet Ganz",
  "producthierarchy_level4": "",
  "producthierarchy_level5": "",
  "producthierarchy_level6": "",
  "producthierarchy_level7": "",
  "currency": "Swiss franc",
  "file_name_1": "5106942_1.jpg",
  "image_url_1": "https://sortiment.lidl.ch/media/catalog/product/cache/38c728e59b3a47950872534eff8a1e63/5/1/5106942_FKBF.jpg"
},
{
  "_id": {
    "$oid": "66f3a94dd23ade1eec55ff27"
  },
  "unique_id": "5106008",
  "product_name": "Pouletbrust Délice",
  "brand": "Bonvalle",
  "regular_price": 4.69,
  "selling_price": 4.69,
  "price_per_unit": "pro 260g | 100g = 1.81 CHF",
  "breadcrumb": "Sortiment > Sortiment > Pouletbrust Délice",
  "pdp_url": "https://sortiment.lidl.ch/de/pouletbrust-delice-5106008",
  "product_description": "Artikelnr.: 5106008",
  "producthierarchy_level1": "Sortiment",
  "producthierarchy_level2": "Sortiment",
  "producthierarchy_level3": "Pouletbrust Délice",
  "producthierarchy_level4": "",
  "producthierarchy_level5": "",
  "producthierarchy_level6": "",
  "producthierarchy_level7": "",
  "currency": "Swiss franc",
  "file_name_1": "5106008_1.jpg",
  "image_url_1": "https://sortiment.lidl.ch/media/catalog/product/cache/38c728e59b3a47950872534eff8a1e63/5/1/5106008_FKBF_1.jpg",
  "file_name_2": "5106008_2.jpg",
  "image_url_2": "https://sortiment.lidl.ch/media/catalog/product/cache/38c728e59b3a47950872534eff8a1e63/5/1/5106008_PSXX.jpg"
},
{
  "_id": {
    "$oid": "66f3a94ed23ade1eec55ff28"
  },
  "unique_id": "5106007",
  "product_name": "Pouletbrust Minutenschnitzel",
  "brand": "Bonvalle",
  "regular_price": 2.99,
  "selling_price": 2.29,
  "price_per_unit": "pro 200g | 100g = 1.15 CHF",
  "breadcrumb": "Sortiment > Sortiment > Pouletbrust Minutenschnitzel",
  "pdp_url": "https://sortiment.lidl.ch/de/pouletbrust-minutenschnitzel-5106007",
  "product_description": "Artikelnr.: 5106007",
  "producthierarchy_level1": "Sortiment",
  "producthierarchy_level2": "Sortiment",
  "producthierarchy_level3": "Pouletbrust Minutenschnitzel",
  "producthierarchy_level4": "",
  "producthierarchy_level5": "",
  "producthierarchy_level6": "",
  "producthierarchy_level7": "",
  "currency": "Swiss franc",
  "file_name_1": "5106007_1.jpg",
  "image_url_1": "https://sortiment.lidl.ch/media/catalog/product/cache/38c728e59b3a47950872534eff8a1e63/5/1/5106007_FKBF.jpg",
  "file_name_2": "5106007_2.jpg",
  "image_url_2": "https://sortiment.lidl.ch/media/catalog/product/cache/38c728e59b3a47950872534eff8a1e63/5/1/5106007_PSXX.jpg"
},
{
  "_id": {
    "$oid": "66f3a94fd23ade1eec55ff29"
  },
  "unique_id": "5104269",
  "product_name": "Pouletbrust Minutenschnitzel",
  "brand": "Bonvalle",
  "regular_price": 5.49,
  "selling_price": 5.49,
  "price_per_unit": "pro 330g | 100g = 1.67 CHF",
  "breadcrumb": "Sortiment > Sortiment > Pouletbrust Minutenschnitzel",
  "pdp_url": "https://sortiment.lidl.ch/de/pouletbrust-minutenschnitzel-5104269",
  "product_description": "Artikelnr.: 5104269 extra dünn",
  "producthierarchy_level1": "Sortiment",
  "producthierarchy_level2": "Sortiment",
  "producthierarchy_level3": "Pouletbrust Minutenschnitzel",
  "producthierarchy_level4": "",
  "producthierarchy_level5": "",
  "producthierarchy_level6": "",
  "producthierarchy_level7": "",
  "currency": "Swiss franc",
  "file_name_1": "5104269_1.jpg",
  "image_url_1": "https://sortiment.lidl.ch/media/catalog/product/cache/38c728e59b3a47950872534eff8a1e63/5/1/5104269_FKBF_4.jpg",
  "file_name_2": "5104269_2.jpg",
  "image_url_2": "https://sortiment.lidl.ch/media/catalog/product/cache/38c728e59b3a47950872534eff8a1e63/5/1/5104269_PSXX.jpg"
},
{
  "_id": {
    "$oid": "66f3a950d23ade1eec55ff2a"
  },
  "unique_id": "5103871",
  "product_name": "Pouletschlegeli",
  "brand": "Bonvalle",
  "regular_price": 5.89,
  "selling_price": 5.89,
  "price_per_unit": "pro 700g | 100g = 0.85 CHF",
  "breadcrumb": "Sortiment > Sortiment > Pouletschlegeli",
  "pdp_url": "https://sortiment.lidl.ch/de/pouletschlegeli-5103871",
  "product_description": "Artikelnr.: 5103871",
  "producthierarchy_level1": "Sortiment",
  "producthierarchy_level2": "Sortiment",
  "producthierarchy_level3": "Pouletschlegeli",
  "producthierarchy_level4": "",
  "producthierarchy_level5": "",
  "producthierarchy_level6": "",
  "producthierarchy_level7": "",
  "currency": "Swiss franc",
  "file_name_1": "5103871_1.jpg",
  "image_url_1": "https://sortiment.lidl.ch/media/catalog/product/cache/38c728e59b3a47950872534eff8a1e63/5/1/5103871_FKBF_1.jpg",
  "file_name_2": "5103871_2.jpg",
  "image_url_2": "https://sortiment.lidl.ch/media/catalog/product/cache/38c728e59b3a47950872534eff8a1e63/5/1/5103871_PSXX.jpg"
},
{
  "_id": {
    "$oid": "66f3a951d23ade1eec55ff2b"
  },
  "unique_id": "5103870",
  "product_name": "Pouletschlegeli",
  "brand": "Bonvalle",
  "regular_price": 5.99,
  "selling_price": 5.99,
  "price_per_unit": "pro 700g | 100g = 0.86 CHF",
  "breadcrumb": "Sortiment > Sortiment > Pouletschlegeli",
  "pdp_url": "https://sortiment.lidl.ch/de/pouletschlegeli-5103870",
  "product_description": "Artikelnr.: 5103870",
  "producthierarchy_level1": "Sortiment",
  "producthierarchy_level2": "Sortiment",
  "producthierarchy_level3": "Pouletschlegeli",
  "producthierarchy_level4": "",
  "producthierarchy_level5": "",
  "producthierarchy_level6": "",
  "producthierarchy_level7": "",
  "currency": "Swiss franc",
  "file_name_1": "5103870_1.jpg",
  "image_url_1": "https://sortiment.lidl.ch/media/catalog/product/cache/38c728e59b3a47950872534eff8a1e63/5/1/5103870_FKBF.jpg",
  "file_name_2": "5103870_2.jpg",
  "image_url_2": "https://sortiment.lidl.ch/media/catalog/product/cache/38c728e59b3a47950872534eff8a1e63/5/1/5103870_PSXX.jpg"
},
{
  "_id": {
    "$oid": "66f3a952d23ade1eec55ff2c"
  },
  "unique_id": "5103869",
  "product_name": "Pouletschenkel",
  "brand": "Bonvalle",
  "regular_price": 5.99,
  "selling_price": 5.99,
  "price_per_unit": "pro 800g | 100g = 0.75 CHF",
  "breadcrumb": "Sortiment > Sortiment > Pouletschenkel",
  "pdp_url": "https://sortiment.lidl.ch/de/pouletschenkel-5103869",
  "product_description": "Artikelnr.: 5103869",
  "producthierarchy_level1": "Sortiment",
  "producthierarchy_level2": "Sortiment",
  "producthierarchy_level3": "Pouletschenkel",
  "producthierarchy_level4": "",
  "producthierarchy_level5": "",
  "producthierarchy_level6": "",
  "producthierarchy_level7": "",
  "currency": "Swiss franc",
  "file_name_1": "5103869_1.jpg",
  "image_url_1": "https://sortiment.lidl.ch/media/catalog/product/cache/38c728e59b3a47950872534eff8a1e63/5/1/5103869_FKBF_2.jpg",
  "file_name_2": "5103869_2.jpg",
  "image_url_2": "https://sortiment.lidl.ch/media/catalog/product/cache/38c728e59b3a47950872534eff8a1e63/5/1/5103869_PSXX_1.jpg"
},
{
  "_id": {
    "$oid": "66f3a953d23ade1eec55ff2d"
  },
  "unique_id": "5103128",
  "product_name": "Pouletflügeli",
  "brand": "Bonvalle",
  "regular_price": 2.99,
  "selling_price": 2.99,
  "price_per_unit": "pro 550g | 100g = 0.55 CHF",
  "breadcrumb": "Sortiment > Sortiment > Pouletflügeli",
  "pdp_url": "https://sortiment.lidl.ch/de/pouletfluegeli-5103128",
  "product_description": "Artikelnr.: 5103128",
  "producthierarchy_level1": "Sortiment",
  "producthierarchy_level2": "Sortiment",
  "producthierarchy_level3": "Pouletflügeli",
  "producthierarchy_level4": "",
  "producthierarchy_level5": "",
  "producthierarchy_level6": "",
  "producthierarchy_level7": "",
  "currency": "Swiss franc",
  "file_name_1": "5103128_1.jpg",
  "image_url_1": "https://sortiment.lidl.ch/media/catalog/product/cache/38c728e59b3a47950872534eff8a1e63/5/1/5103128_FKBF.jpg",
  "file_name_2": "5103128_2.jpg",
  "image_url_2": "https://sortiment.lidl.ch/media/catalog/product/cache/38c728e59b3a47950872534eff8a1e63/5/1/5103128_PSXX.jpg"
},
{
  "_id": {
    "$oid": "66f3a954d23ade1eec55ff2e"
  },
  "unique_id": "123563",
  "product_name": "Pouletbrust Minutenschnitzel",
  "brand": "Carnesi",
  "regular_price": 4.99,
  "selling_price": 4.99,
  "price_per_unit": "pro 400g | 100g = 1.25 CHF",
  "breadcrumb": "Sortiment > Sortiment > Pouletbrust Minutenschnitzel",
  "pdp_url": "https://sortiment.lidl.ch/de/pouletbrust-minutenschnitzel-0123563",
  "product_description": "Artikelnr.: 123563",
  "producthierarchy_level1": "Sortiment",
  "producthierarchy_level2": "Sortiment",
  "producthierarchy_level3": "Pouletbrust Minutenschnitzel",
  "producthierarchy_level4": "",
  "producthierarchy_level5": "",
  "producthierarchy_level6": "",
  "producthierarchy_level7": "",
  "currency": "Swiss franc",
  "file_name_1": "123563_1.jpg",
  "image_url_1": "https://sortiment.lidl.ch/media/catalog/product/cache/38c728e59b3a47950872534eff8a1e63/1/2/123563_FKBF.jpg",
  "file_name_2": "123563_2.jpg",
  "image_url_2": "https://sortiment.lidl.ch/media/catalog/product/cache/38c728e59b3a47950872534eff8a1e63/1/2/123563_PSXX.jpg"
},
{
  "_id": {
    "$oid": "66f3a955d23ade1eec55ff2f"
  },
  "unique_id": "123561",
  "product_name": "Pouletbrust Geschnetzeltes",
  "brand": "Carnesi",
  "regular_price": 5.99,
  "selling_price": 5.99,
  "price_per_unit": "pro 500g | 100g = 1.20 CHF",
  "breadcrumb": "Sortiment > Sortiment > Pouletbrust Geschnetzeltes",
  "pdp_url": "https://sortiment.lidl.ch/de/pouletbrust-geschnetzeltes-0123561",
  "product_description": "Artikelnr.: 123561",
  "producthierarchy_level1": "Sortiment",
  "producthierarchy_level2": "Sortiment",
  "producthierarchy_level3": "Pouletbrust Geschnetzeltes",
  "producthierarchy_level4": "",
  "producthierarchy_level5": "",
  "producthierarchy_level6": "",
  "producthierarchy_level7": "",
  "currency": "Swiss franc",
  "file_name_1": "123561_1.jpg",
  "image_url_1": "https://sortiment.lidl.ch/media/catalog/product/cache/38c728e59b3a47950872534eff8a1e63/1/2/123561_FKBF.jpg"
},
{
  "_id": {
    "$oid": "66f3a957d23ade1eec55ff30"
  },
  "unique_id": "123560",
  "product_name": "Pouletbrust",
  "brand": "Carnesi",
  "regular_price": 5.99,
  "selling_price": 5.99,
  "price_per_unit": "pro 500g | 100g = 1.20 CHF",
  "breadcrumb": "Sortiment > Sortiment > Pouletbrust",
  "pdp_url": "https://sortiment.lidl.ch/de/pouletbrust-0123560",
  "product_description": "Artikelnr.: 123560",
  "producthierarchy_level1": "Sortiment",
  "producthierarchy_level2": "Sortiment",
  "producthierarchy_level3": "Pouletbrust",
  "producthierarchy_level4": "",
  "producthierarchy_level5": "",
  "producthierarchy_level6": "",
  "producthierarchy_level7": "",
  "currency": "Swiss franc",
  "file_name_1": "123560_1.jpg",
  "image_url_1": "https://sortiment.lidl.ch/media/catalog/product/cache/38c728e59b3a47950872534eff8a1e63/1/2/123560_FKBF.jpg",
  "file_name_2": "123560_2.jpg",
  "image_url_2": "https://sortiment.lidl.ch/media/catalog/product/cache/38c728e59b3a47950872534eff8a1e63/1/2/123560_PSXX.jpg"
},
{
  "_id": {
    "$oid": "66f3a958d23ade1eec55ff31"
  },
  "unique_id": "123559",
  "product_name": "Poulet Innenfilet",
  "brand": "Carnesi",
  "regular_price": 4.99,
  "selling_price": 4.99,
  "price_per_unit": "pro 350g | 100g = 1.43 CHF",
  "breadcrumb": "Sortiment > Sortiment > Poulet Innenfilet",
  "pdp_url": "https://sortiment.lidl.ch/de/poulet-innenfilet-0123559",
  "product_description": "Artikelnr.: 123559",
  "producthierarchy_level1": "Sortiment",
  "producthierarchy_level2": "Sortiment",
  "producthierarchy_level3": "Poulet Innenfilet",
  "producthierarchy_level4": "",
  "producthierarchy_level5": "",
  "producthierarchy_level6": "",
  "producthierarchy_level7": "",
  "currency": "Swiss franc",
  "file_name_1": "123559_1.jpg",
  "image_url_1": "https://sortiment.lidl.ch/media/catalog/product/cache/38c728e59b3a47950872534eff8a1e63/1/2/123559_FKBF.jpg",
  "file_name_2": "123559_2.jpg",
  "image_url_2": "https://sortiment.lidl.ch/media/catalog/product/cache/38c728e59b3a47950872534eff8a1e63/1/2/123559_FKBF_001.jpg",
  "file_name_3": "123559_3.jpg",
  "image_url_3": "https://sortiment.lidl.ch/media/catalog/product/cache/38c728e59b3a47950872534eff8a1e63/1/2/123559_PSXX.jpg"
},
{
  "_id": {
    "$oid": "66f3a959d23ade1eec55ff32"
  },
  "unique_id": "3145",
  "product_name": "Poulet Innenfilet",
  "brand": "Bonvalle",
  "regular_price": 5.49,
  "selling_price": 5.49,
  "price_per_unit": "pro 250g | 100g = 2.20 CHF",
  "breadcrumb": "Sortiment > Sortiment > Poulet Innenfilet",
  "pdp_url": "https://sortiment.lidl.ch/de/poulet-innenfilet-0003145",
  "product_description": "Artikelnr.: 3145",
  "producthierarchy_level1": "Sortiment",
  "producthierarchy_level2": "Sortiment",
  "producthierarchy_level3": "Poulet Innenfilet",
  "producthierarchy_level4": "",
  "producthierarchy_level5": "",
  "producthierarchy_level6": "",
  "producthierarchy_level7": "",
  "currency": "Swiss franc",
  "file_name_1": "3145_1.jpg",
  "image_url_1": "https://sortiment.lidl.ch/media/catalog/product/cache/38c728e59b3a47950872534eff8a1e63/3/1/3145_FKBF.jpg",
  "file_name_2": "3145_2.jpg",
  "image_url_2": "https://sortiment.lidl.ch/media/catalog/product/cache/38c728e59b3a47950872534eff8a1e63/3/1/3145_PSXX_1.jpg"
},
{
  "_id": {
    "$oid": "66f3a95ad23ade1eec55ff33"
  },
  "unique_id": "2834",
  "product_name": "Pouletschenkel",
  "brand": "Bonvalle",
  "regular_price": 5.99,
  "selling_price": 5.99,
  "price_per_unit": "pro 800g | 100g = 0.75 CHF",
  "breadcrumb": "Sortiment > Sortiment > Pouletschenkel",
  "pdp_url": "https://sortiment.lidl.ch/de/pouletschenkel-0002834",
  "product_description": "Artikelnr.: 2834",
  "producthierarchy_level1": "Sortiment",
  "producthierarchy_level2": "Sortiment",
  "producthierarchy_level3": "Pouletschenkel",
  "producthierarchy_level4": "",
  "producthierarchy_level5": "",
  "producthierarchy_level6": "",
  "producthierarchy_level7": "",
  "currency": "Swiss franc",
  "file_name_1": "2834_1.jpg",
  "image_url_1": "https://sortiment.lidl.ch/media/catalog/product/cache/38c728e59b3a47950872534eff8a1e63/2/8/2834_FKBF.jpg",
  "file_name_2": "2834_2.jpg",
  "image_url_2": "https://sortiment.lidl.ch/media/catalog/product/cache/38c728e59b3a47950872534eff8a1e63/2/8/2834_PSXX.jpg"
},
{
  "_id": {
    "$oid": "66f3a95bd23ade1eec55ff34"
  },
  "unique_id": "1363",
  "product_name": "Pouletflügeli",
  "brand": "Bonvalle",
  "regular_price": 2.99,
  "selling_price": 2.99,
  "price_per_unit": "pro 550g | 100g = 0.55 CHF",
  "breadcrumb": "Sortiment > Sortiment > Pouletflügeli",
  "pdp_url": "https://sortiment.lidl.ch/de/pouletfluegeli-0001363",
  "product_description": "Artikelnr.: 1363",
  "producthierarchy_level1": "Sortiment",
  "producthierarchy_level2": "Sortiment",
  "producthierarchy_level3": "Pouletflügeli",
  "producthierarchy_level4": "",
  "producthierarchy_level5": "",
  "producthierarchy_level6": "",
  "producthierarchy_level7": "",
  "currency": "Swiss franc",
  "file_name_1": "1363_1.jpg",
  "image_url_1": "https://sortiment.lidl.ch/media/catalog/product/cache/38c728e59b3a47950872534eff8a1e63/1/3/1363_FKBF.jpg",
  "file_name_2": "1363_2.jpg",
  "image_url_2": "https://sortiment.lidl.ch/media/catalog/product/cache/38c728e59b3a47950872534eff8a1e63/1/3/1363_PSXX.jpg"
},
{
  "_id": {
    "$oid": "66f3a95cd23ade1eec55ff35"
  },
  "unique_id": "1355",
  "product_name": "Pouletbrustgeschnetzeltes",
  "brand": "Bonvalle",
  "regular_price": 5.99,
  "selling_price": 5.99,
  "price_per_unit": "pro 300g | 100g = 2.00 CHF",
  "breadcrumb": "Sortiment > Sortiment > Pouletbrustgeschnetzeltes",
  "pdp_url": "https://sortiment.lidl.ch/de/pouletbrustgeschnetzeltes-0001355",
  "product_description": "Artikelnr.: 1355",
  "producthierarchy_level1": "Sortiment",
  "producthierarchy_level2": "Sortiment",
  "producthierarchy_level3": "Pouletbrustgeschnetzeltes",
  "producthierarchy_level4": "",
  "producthierarchy_level5": "",
  "producthierarchy_level6": "",
  "producthierarchy_level7": "",
  "currency": "Swiss franc",
  "file_name_1": "1355_1.jpg",
  "image_url_1": "https://sortiment.lidl.ch/media/catalog/product/cache/38c728e59b3a47950872534eff8a1e63/1/3/1355_FKBF.jpg",
  "file_name_2": "1355_2.jpg",
  "image_url_2": "https://sortiment.lidl.ch/media/catalog/product/cache/38c728e59b3a47950872534eff8a1e63/1/3/1355_PSXX.jpg"
},
{
  "_id": {
    "$oid": "66f3a95dd23ade1eec55ff36"
  },
  "unique_id": "1353",
  "product_name": "Pouletbrust",
  "brand": "Bonvalle",
  "regular_price": 6.49,
  "selling_price": 6.49,
  "price_per_unit": "pro 300g | 100g = 2.17 CHF",
  "breadcrumb": "Sortiment > Sortiment > Pouletbrust",
  "pdp_url": "https://sortiment.lidl.ch/de/pouletbrust-0001353",
  "product_description": "Artikelnr.: 1353",
  "producthierarchy_level1": "Sortiment",
  "producthierarchy_level2": "Sortiment",
  "producthierarchy_level3": "Pouletbrust",
  "producthierarchy_level4": "",
  "producthierarchy_level5": "",
  "producthierarchy_level6": "",
  "producthierarchy_level7": "",
  "currency": "Swiss franc",
  "file_name_1": "1353_1.jpg",
  "image_url_1": "https://sortiment.lidl.ch/media/catalog/product/cache/38c728e59b3a47950872534eff8a1e63/1/3/1353_FKBF.jpg",
  "file_name_2": "1353_2.jpg",
  "image_url_2": "https://sortiment.lidl.ch/media/catalog/product/cache/38c728e59b3a47950872534eff8a1e63/1/3/1353_PSXX.jpg"
},
{
  "_id": {
    "$oid": "66f3a95ed23ade1eec55ff37"
  },
  "unique_id": "72204",
  "product_name": "Weichspülkonzentrat",
  "brand": "Doussy",
  "regular_price": 1.79,
  "selling_price": 1.79,
  "price_per_unit": "pro 2l | 1L = 0.90 CHF",
  "breadcrumb": "Sortiment > Sortiment > Weichspülkonzentrat",
  "pdp_url": "https://sortiment.lidl.ch/de/weichspuelkonzentrat-0072204",
  "product_description": "Artikelnr.: 72204",
  "producthierarchy_level1": "Sortiment",
  "producthierarchy_level2": "Sortiment",
  "producthierarchy_level3": "Weichspülkonzentrat",
  "producthierarchy_level4": "",
  "producthierarchy_level5": "",
  "producthierarchy_level6": "",
  "producthierarchy_level7": "",
  "currency": "Swiss franc",
  "file_name_1": "72204_1.jpg",
  "image_url_1": "https://sortiment.lidl.ch/media/catalog/product/cache/38c728e59b3a47950872534eff8a1e63/7/2/72204_Morning_PSXX.jpg",
  "file_name_2": "72204_2.jpg",
  "image_url_2": "https://sortiment.lidl.ch/media/catalog/product/cache/38c728e59b3a47950872534eff8a1e63/7/2/72204_Sensitive_PSXX.jpg",
  "file_name_3": "72204_3.jpg",
  "image_url_3": "https://sortiment.lidl.ch/media/catalog/product/cache/38c728e59b3a47950872534eff8a1e63/7/2/72204_Summer_PSXX.jpg"
},
{
  "_id": {
    "$oid": "66f3a95fd23ade1eec55ff38"
  },
  "unique_id": "29752",
  "product_name": "Badreiniger",
  "brand": "W5",
  "regular_price": 1.39,
  "selling_price": 1.39,
  "price_per_unit": "pro 1l",
  "breadcrumb": "Sortiment > Sortiment > Badreiniger",
  "pdp_url": "https://sortiment.lidl.ch/de/badreiniger-0029752",
  "product_description": "Artikelnr.: 29752",
  "producthierarchy_level1": "Sortiment",
  "producthierarchy_level2": "Sortiment",
  "producthierarchy_level3": "Badreiniger",
  "producthierarchy_level4": "",
  "producthierarchy_level5": "",
  "producthierarchy_level6": "",
  "producthierarchy_level7": "",
  "currency": "Swiss franc",
  "file_name_1": "29752_1.jpg",
  "image_url_1": "https://sortiment.lidl.ch/media/amasty/amoptmobile/catalog/product/cache/38c728e59b3a47950872534eff8a1e63/2/9/29752_Ocean_PSXX_1.jpg",
  "file_name_2": "29752_2.jpg",
  "image_url_2": "https://sortiment.lidl.ch/media/catalog/product/cache/38c728e59b3a47950872534eff8a1e63/2/9/29752_Zitrone_PSXX.jpg"
},
{
  "_id": {
    "$oid": "66f3a960d23ade1eec55ff39"
  },
  "unique_id": "13208",
  "product_name": "Spülmaschinen-Pfleger",
  "brand": "W5",
  "regular_price": 3.49,
  "selling_price": 3.49,
  "price_per_unit": "pro 2x250ml | 1L = 6.98 CHF",
  "breadcrumb": "Sortiment > Sortiment > Spülmaschinen-Pfleger",
  "pdp_url": "https://sortiment.lidl.ch/de/spuelmaschinen-pfleger-0013208",
  "product_description": "Artikelnr.: 13208",
  "producthierarchy_level1": "Sortiment",
  "producthierarchy_level2": "Sortiment",
  "producthierarchy_level3": "Spülmaschinen-Pfleger",
  "producthierarchy_level4": "",
  "producthierarchy_level5": "",
  "producthierarchy_level6": "",
  "producthierarchy_level7": "",
  "currency": "Swiss franc",
  "file_name_1": "13208_1.jpg",
  "image_url_1": "https://sortiment.lidl.ch/media/catalog/product/cache/38c728e59b3a47950872534eff8a1e63/1/3/13208_PSXX.jpg"
},
{
  "_id": {
    "$oid": "66f3a961d23ade1eec55ff3a"
  },
  "unique_id": "1212",
  "product_name": "Meister Proper Allzweck-Reiniger",
  "brand": "Meister Proper",
  "regular_price": 3.45,
  "selling_price": 3.45,
  "price_per_unit": "pro 1l",
  "breadcrumb": "Sortiment > Sortiment > Meister Proper Allzweck-Reiniger",
  "pdp_url": "https://sortiment.lidl.ch/de/meister-proper-allzweck-reiniger-0001212",
  "product_description": "Artikelnr.: 1212",
  "producthierarchy_level1": "Sortiment",
  "producthierarchy_level2": "Sortiment",
  "producthierarchy_level3": "Meister Proper Allzweck-Reiniger",
  "producthierarchy_level4": "",
  "producthierarchy_level5": "",
  "producthierarchy_level6": "",
  "producthierarchy_level7": "",
  "currency": "Swiss franc",
  "file_name_1": "1212_1.jpg",
  "image_url_1": "https://sortiment.lidl.ch/media/catalog/product/cache/38c728e59b3a47950872534eff8a1e63/1/2/1212_PSXX.jpg"
},
{
  "_id": {
    "$oid": "66f3a962d23ade1eec55ff3b"
  },
  "unique_id": "1163",
  "product_name": "Finish Klarspüler",
  "brand": "Finish",
  "regular_price": 3.95,
  "selling_price": 3.95,
  "price_per_unit": "pro 400ml | 1L = 9.88 CHF",
  "breadcrumb": "Sortiment > Sortiment > Finish Klarspüler",
  "pdp_url": "https://sortiment.lidl.ch/de/finish-klarspueler-0001163",
  "product_description": "Artikelnr.: 1163",
  "producthierarchy_level1": "Sortiment",
  "producthierarchy_level2": "Sortiment",
  "producthierarchy_level3": "Finish Klarspüler",
  "producthierarchy_level4": "",
  "producthierarchy_level5": "",
  "producthierarchy_level6": "",
  "producthierarchy_level7": "",
  "currency": "Swiss franc",
  "file_name_1": "1163_1.jpg",
  "image_url_1": "https://sortiment.lidl.ch/media/catalog/product/cache/38c728e59b3a47950872534eff8a1e63/1/1/1163_PSXX.jpg"
},
{
  "_id": {
    "$oid": "66f3a963d23ade1eec55ff3c"
  },
  "unique_id": "5106332",
  "product_name": "Duso Power Gel Rohrreiniger",
  "brand": "Duso",
  "regular_price": 3.99,
  "selling_price": 3.99,
  "price_per_unit": "pro 1l",
  "breadcrumb": "Sortiment > Sortiment > Duso Power Gel Rohrreiniger",
  "pdp_url": "https://sortiment.lidl.ch/de/duso-power-gel-rohrreiniger-5106332",
  "product_description": "Artikelnr.: 5106332",
  "producthierarchy_level1": "Sortiment",
  "producthierarchy_level2": "Sortiment",
  "producthierarchy_level3": "Duso Power Gel Rohrreiniger",
  "producthierarchy_level4": "",
  "producthierarchy_level5": "",
  "producthierarchy_level6": "",
  "producthierarchy_level7": "",
  "currency": "Swiss franc",
  "file_name_1": "5106332_1.jpg",
  "image_url_1": "https://sortiment.lidl.ch/media/catalog/product/cache/38c728e59b3a47950872534eff8a1e63/5/1/5106332_PSXX.jpg"
},
{
  "_id": {
    "$oid": "66f3a964d23ade1eec55ff3d"
  },
  "unique_id": "5105250",
  "product_name": "Duso Javelwasser",
  "brand": "Duso",
  "regular_price": 1.29,
  "selling_price": 1.29,
  "price_per_unit": "pro 2l | 1L = 0.65 CHF",
  "breadcrumb": "Sortiment > Sortiment > Duso Javelwasser",
  "pdp_url": "https://sortiment.lidl.ch/de/duso-javelwasser-5105250",
  "product_description": "Artikelnr.: 5105250",
  "producthierarchy_level1": "Sortiment",
  "producthierarchy_level2": "Sortiment",
  "producthierarchy_level3": "Duso Javelwasser",
  "producthierarchy_level4": "",
  "producthierarchy_level5": "",
  "producthierarchy_level6": "",
  "producthierarchy_level7": "",
  "currency": "Swiss franc",
  "file_name_1": "5105250_1.jpg",
  "image_url_1": "https://sortiment.lidl.ch/media/catalog/product/cache/38c728e59b3a47950872534eff8a1e63/5/1/5105250_PSXX.jpg"
},
{
  "_id": {
    "$oid": "66f3a965d23ade1eec55ff3e"
  },
  "unique_id": "142526",
  "product_name": "All-in-1 Reiniger-Tabs",
  "brand": "W5",
  "regular_price": 4.29,
  "selling_price": 4.29,
  "price_per_unit": "pro 40 Stück | 1 Stk = 0.11 CHF",
  "breadcrumb": "Sortiment > Sortiment > All-in-1 Reiniger-Tabs",
  "pdp_url": "https://sortiment.lidl.ch/de/all-in-1-reiniger-tabs-0142526",
  "product_description": "Artikelnr.: 142526",
  "producthierarchy_level1": "Sortiment",
  "producthierarchy_level2": "Sortiment",
  "producthierarchy_level3": "All-in-1 Reiniger-Tabs",
  "producthierarchy_level4": "",
  "producthierarchy_level5": "",
  "producthierarchy_level6": "",
  "producthierarchy_level7": "",
  "currency": "Swiss franc",
  "file_name_1": "142526_1.jpg",
  "image_url_1": "https://sortiment.lidl.ch/media/catalog/product/cache/38c728e59b3a47950872534eff8a1e63/1/4/142526_PSXX.jpg"
},
{
  "_id": {
    "$oid": "66f3a966d23ade1eec55ff3f"
  },
  "unique_id": "5624",
  "product_name": "Calcex Entkalker",
  "brand": "Calcex",
  "regular_price": 4.95,
  "selling_price": 4.95,
  "price_per_unit": "pro 1,5l | 1L = 3.30 CHF",
  "breadcrumb": "Sortiment > Sortiment > Calcex Entkalker",
  "pdp_url": "https://sortiment.lidl.ch/de/calcex-entkalker-0005624",
  "product_description": "Artikelnr.: 5624",
  "producthierarchy_level1": "Sortiment",
  "producthierarchy_level2": "Sortiment",
  "producthierarchy_level3": "Calcex Entkalker",
  "producthierarchy_level4": "",
  "producthierarchy_level5": "",
  "producthierarchy_level6": "",
  "producthierarchy_level7": "",
  "currency": "Swiss franc",
  "file_name_1": "5624_1.jpg",
  "image_url_1": "https://sortiment.lidl.ch/media/catalog/product/cache/38c728e59b3a47950872534eff8a1e63/5/6/5624_PSXX.jpg"
},
{
  "_id": {
    "$oid": "66f3a967d23ade1eec55ff40"
  },
  "unique_id": "2124",
  "product_name": "Scheibenreiniger",
  "brand": "W5",
  "regular_price": 4.49,
  "selling_price": 4.49,
  "price_per_unit": "pro 2l | 1L = 2.25 CHF",
  "breadcrumb": "Sortiment > Sortiment > Scheibenreiniger",
  "pdp_url": "https://sortiment.lidl.ch/de/scheibenreiniger-0002124",
  "product_description": "Artikelnr.: 2124",
  "producthierarchy_level1": "Sortiment",
  "producthierarchy_level2": "Sortiment",
  "producthierarchy_level3": "Scheibenreiniger",
  "producthierarchy_level4": "",
  "producthierarchy_level5": "",
  "producthierarchy_level6": "",
  "producthierarchy_level7": "",
  "currency": "Swiss franc",
  "file_name_1": "2124_1.jpg",
  "image_url_1": "https://sortiment.lidl.ch/media/catalog/product/cache/38c728e59b3a47950872534eff8a1e63/2/1/2124_PSXX.jpg"
},
{
  "_id": {
    "$oid": "66f3a969d23ade1eec55ff41"
  },
  "unique_id": "2117",
  "product_name": "Duso Allzweck / Abwaschmittel",
  "brand": "Duso",
  "regular_price": 1.09,
  "selling_price": 1.09,
  "price_per_unit": "pro 1,5l | 1L = 0.73 CHF",
  "breadcrumb": "Sortiment > Sortiment > Duso Allzweck / Abwaschmittel",
  "pdp_url": "https://sortiment.lidl.ch/de/duso-allzweck-abwaschmittel-0002117",
  "product_description": "Artikelnr.: 2117",
  "producthierarchy_level1": "Sortiment",
  "producthierarchy_level2": "Sortiment",
  "producthierarchy_level3": "Duso Allzweck / Abwaschmittel",
  "producthierarchy_level4": "",
  "producthierarchy_level5": "",
  "producthierarchy_level6": "",
  "producthierarchy_level7": "",
  "currency": "Swiss franc",
  "file_name_1": "2117_1.jpg",
  "image_url_1": "https://sortiment.lidl.ch/media/catalog/product/cache/38c728e59b3a47950872534eff8a1e63/2/1/2117_PSXX.jpg"
},
{
  "_id": {
    "$oid": "66f3a96ad23ade1eec55ff42"
  },
  "unique_id": "1038",
  "product_name": "Reosal Regeneriersalz fein",
  "brand": "Reosal",
  "regular_price": 1.09,
  "selling_price": 1.09,
  "price_per_unit": "pro 1kg",
  "breadcrumb": "Sortiment > Sortiment > Reosal Regeneriersalz fein",
  "pdp_url": "https://sortiment.lidl.ch/de/reosal-regeneriersalz-fein-0001038",
  "product_description": "Artikelnr.: 1038",
  "producthierarchy_level1": "Sortiment",
  "producthierarchy_level2": "Sortiment",
  "producthierarchy_level3": "Reosal Regeneriersalz fein",
  "producthierarchy_level4": "",
  "producthierarchy_level5": "",
  "producthierarchy_level6": "",
  "producthierarchy_level7": "",
  "currency": "Swiss franc",
  "file_name_1": "1038_1.jpg",
  "image_url_1": "https://sortiment.lidl.ch/media/catalog/product/cache/38c728e59b3a47950872534eff8a1e63/1/0/1038_PSXX.jpg"
},
{
  "_id": {
    "$oid": "66f3a96bd23ade1eec55ff43"
  },
  "unique_id": "80711",
  "product_name": "Mango",
  "brand": "Rainforest Alliance",
  "regular_price": 2.79,
  "selling_price": 2.79,
  "price_per_unit": "pro Stück",
  "breadcrumb": "Sortiment > Sortiment > Mango",
  "pdp_url": "https://sortiment.lidl.ch/de/mango-0080711",
  "product_description": "Artikelnr.: 80711",
  "producthierarchy_level1": "Sortiment",
  "producthierarchy_level2": "Sortiment",
  "producthierarchy_level3": "Mango",
  "producthierarchy_level4": "",
  "producthierarchy_level5": "",
  "producthierarchy_level6": "",
  "producthierarchy_level7": "",
  "currency": "Swiss franc",
  "file_name_1": "80711_1.jpg",
  "image_url_1": "https://sortiment.lidl.ch/media/catalog/product/cache/38c728e59b3a47950872534eff8a1e63/8/0/80711_OGFG.jpg"
},
{
  "_id": {
    "$oid": "66f3a96cd23ade1eec55ff44"
  },
  "unique_id": "81850",
  "product_name": "BIO Mango",
  "brand": "BIO Organic",
  "regular_price": 2.99,
  "selling_price": 2.99,
  "price_per_unit": "pro Stück",
  "breadcrumb": "Sortiment > Sortiment > BIO Mango",
  "pdp_url": "https://sortiment.lidl.ch/de/bio-mango-0081850",
  "product_description": "Artikelnr.: 81850",
  "producthierarchy_level1": "Sortiment",
  "producthierarchy_level2": "Sortiment",
  "producthierarchy_level3": "BIO Mango",
  "producthierarchy_level4": "",
  "producthierarchy_level5": "",
  "producthierarchy_level6": "",
  "producthierarchy_level7": "",
  "currency": "Swiss franc",
  "file_name_1": "81850_1.jpg",
  "image_url_1": "https://sortiment.lidl.ch/media/catalog/product/cache/38c728e59b3a47950872534eff8a1e63/8/1/81850_Plastikreduktion_OGFG.jpg"
},
{
  "_id": {
    "$oid": "66f3a96dd23ade1eec55ff45"
  },
  "unique_id": "81676",
  "product_name": "BIO Kiwi grün 500g",
  "brand": "BIO Organic",
  "regular_price": 2.99,
  "selling_price": 2.99,
  "price_per_unit": "pro 500g | 1Kg = 5.98 CHF",
  "breadcrumb": "Sortiment > Sortiment > BIO Kiwi grün 500g",
  "pdp_url": "https://sortiment.lidl.ch/de/bio-kiwi-gruen-500g-0081676",
  "product_description": "Artikelnr.: 81676",
  "producthierarchy_level1": "Sortiment",
  "producthierarchy_level2": "Sortiment",
  "producthierarchy_level3": "BIO Kiwi grün 500g",
  "producthierarchy_level4": "",
  "producthierarchy_level5": "",
  "producthierarchy_level6": "",
  "producthierarchy_level7": "",
  "currency": "Swiss franc",
  "file_name_1": "81676_1.jpg",
  "image_url_1": "https://sortiment.lidl.ch/media/catalog/product/cache/38c728e59b3a47950872534eff8a1e63/8/1/81676_OGFG.jpg"
},
{
  "_id": {
    "$oid": "66f3a96ed23ade1eec55ff46"
  },
  "unique_id": "81671",
  "product_name": "Bio Avocado",
  "brand": "BIO Organic",
  "regular_price": 1.29,
  "selling_price": 1.29,
  "price_per_unit": "pro Stück",
  "breadcrumb": "Sortiment > Sortiment > Bio Avocado",
  "pdp_url": "https://sortiment.lidl.ch/de/bio-avocado-0081671",
  "product_description": "Artikelnr.: 81671",
  "producthierarchy_level1": "Sortiment",
  "producthierarchy_level2": "Sortiment",
  "producthierarchy_level3": "Bio Avocado",
  "producthierarchy_level4": "",
  "producthierarchy_level5": "",
  "producthierarchy_level6": "",
  "producthierarchy_level7": "",
  "currency": "Swiss franc",
  "file_name_1": "81671_1.jpg",
  "image_url_1": "https://sortiment.lidl.ch/media/catalog/product/cache/38c728e59b3a47950872534eff8a1e63/8/1/81671_OGFG.jpg"
},
{
  "_id": {
    "$oid": "66f3a96fd23ade1eec55ff47"
  },
  "unique_id": "80755",
  "product_name": "Süsskartoffeln",
  "brand": "",
  "regular_price": 1.79,
  "selling_price": 1.79,
  "price_per_unit": "pro 1kg",
  "breadcrumb": "Sortiment > Sortiment > Süsskartoffeln",
  "pdp_url": "https://sortiment.lidl.ch/de/suesskartoffeln-0080755",
  "product_description": "Artikelnr.: 80755",
  "producthierarchy_level1": "Sortiment",
  "producthierarchy_level2": "Sortiment",
  "producthierarchy_level3": "Süsskartoffeln",
  "producthierarchy_level4": "",
  "producthierarchy_level5": "",
  "producthierarchy_level6": "",
  "producthierarchy_level7": "",
  "currency": "Swiss franc",
  "file_name_1": "80755_1.jpg",
  "image_url_1": "https://sortiment.lidl.ch/media/catalog/product/cache/38c728e59b3a47950872534eff8a1e63/8/0/80755_OGFG_1.jpg"
},
{
  "_id": {
    "$oid": "66f3a970d23ade1eec55ff48"
  },
  "unique_id": "80747",
  "product_name": "Fairtrade Passionsfrucht",
  "brand": "Fairglobe",
  "regular_price": 0.49,
  "selling_price": 0.49,
  "price_per_unit": "pro Stück",
  "breadcrumb": "Sortiment > Sortiment > Fairtrade Passionsfrucht",
  "pdp_url": "https://sortiment.lidl.ch/de/fairtrade-passionsfrucht-0080747",
  "product_description": "Artikelnr.: 80747",
  "producthierarchy_level1": "Sortiment",
  "producthierarchy_level2": "Sortiment",
  "producthierarchy_level3": "Fairtrade Passionsfrucht",
  "producthierarchy_level4": "",
  "producthierarchy_level5": "",
  "producthierarchy_level6": "",
  "producthierarchy_level7": "",
  "currency": "Swiss franc",
  "file_name_1": "80747_1.jpg",
  "image_url_1": "https://sortiment.lidl.ch/media/catalog/product/cache/38c728e59b3a47950872534eff8a1e63/8/0/80747_OGFG.jpg"
},
{
  "_id": {
    "$oid": "66f3a971d23ade1eec55ff49"
  },
  "unique_id": "80735",
  "product_name": "Physalis 100g",
  "brand": "",
  "regular_price": 1.19,
  "selling_price": 1.19,
  "price_per_unit": "pro 100g",
  "breadcrumb": "Sortiment > Sortiment > Physalis 100g",
  "pdp_url": "https://sortiment.lidl.ch/de/physalis-100g-0080735",
  "product_description": "Artikelnr.: 80735",
  "producthierarchy_level1": "Sortiment",
  "producthierarchy_level2": "Sortiment",
  "producthierarchy_level3": "Physalis 100g",
  "producthierarchy_level4": "",
  "producthierarchy_level5": "",
  "producthierarchy_level6": "",
  "producthierarchy_level7": "",
  "currency": "Swiss franc",
  "file_name_1": "80735_1.jpg",
  "image_url_1": "https://sortiment.lidl.ch/media/catalog/product/cache/38c728e59b3a47950872534eff8a1e63/8/0/80735_OGFG_2.jpg"
},
{
  "_id": {
    "$oid": "66f3a972d23ade1eec55ff4a"
  },
  "unique_id": "80696",
  "product_name": "Kokosnuss",
  "brand": "",
  "regular_price": 0.99,
  "selling_price": 0.99,
  "price_per_unit": "pro Stück",
  "breadcrumb": "Sortiment > Sortiment > Kokosnuss",
  "pdp_url": "https://sortiment.lidl.ch/de/kokosnuss-0080696",
  "product_description": "Artikelnr.: 80696",
  "producthierarchy_level1": "Sortiment",
  "producthierarchy_level2": "Sortiment",
  "producthierarchy_level3": "Kokosnuss",
  "producthierarchy_level4": "",
  "producthierarchy_level5": "",
  "producthierarchy_level6": "",
  "producthierarchy_level7": "",
  "currency": "Swiss franc",
  "file_name_1": "80696_1.jpg",
  "image_url_1": "https://sortiment.lidl.ch/media/catalog/product/cache/38c728e59b3a47950872534eff8a1e63/8/0/80696_OGFG.jpg"
},
{
  "_id": {
    "$oid": "66f3a973d23ade1eec55ff4b"
  },
  "unique_id": "80690",
  "product_name": "Kiwi Gold 3 Stück",
  "brand": "",
  "regular_price": 1.99,
  "selling_price": 1.99,
  "price_per_unit": "pro 3 Stück",
  "breadcrumb": "Sortiment > Sortiment > Kiwi Gold 3 Stück",
  "pdp_url": "https://sortiment.lidl.ch/de/kiwi-gold-3-stueck-0080690",
  "product_description": "Artikelnr.: 80690",
  "producthierarchy_level1": "Sortiment",
  "producthierarchy_level2": "Sortiment",
  "producthierarchy_level3": "Kiwi Gold 3 Stück",
  "producthierarchy_level4": "",
  "producthierarchy_level5": "",
  "producthierarchy_level6": "",
  "producthierarchy_level7": "",
  "currency": "Swiss franc",
  "file_name_1": "80690_1.jpg",
  "image_url_1": "https://sortiment.lidl.ch/media/catalog/product/cache/38c728e59b3a47950872534eff8a1e63/8/0/80690_OGFG.jpg"
},
{
  "_id": {
    "$oid": "66f3a974d23ade1eec55ff4c"
  },
  "unique_id": "80676",
  "product_name": "Kiwi",
  "brand": "",
  "regular_price": 0.59,
  "selling_price": 0.59,
  "price_per_unit": "pro Stück",
  "breadcrumb": "Sortiment > Sortiment > Kiwi",
  "pdp_url": "https://sortiment.lidl.ch/de/kiwi-0080676",
  "product_description": "Artikelnr.: 80676",
  "producthierarchy_level1": "Sortiment",
  "producthierarchy_level2": "Sortiment",
  "producthierarchy_level3": "Kiwi",
  "producthierarchy_level4": "",
  "producthierarchy_level5": "",
  "producthierarchy_level6": "",
  "producthierarchy_level7": "",
  "currency": "Swiss franc",
  "file_name_1": "80676_1.jpg",
  "image_url_1": "https://sortiment.lidl.ch/media/catalog/product/cache/38c728e59b3a47950872534eff8a1e63/8/0/80676_OGFG.jpg"
},
{
  "_id": {
    "$oid": "66f3a975d23ade1eec55ff4d"
  },
  "unique_id": "80666",
  "product_name": "Kaktusfeigen 500g",
  "brand": "",
  "regular_price": 1.29,
  "selling_price": 1.29,
  "price_per_unit": "pro 500g | 1Kg = 2.58 CHF",
  "breadcrumb": "Sortiment > Sortiment > Kaktusfeigen 500g",
  "pdp_url": "https://sortiment.lidl.ch/de/kaktusfeigen-500g-0080666",
  "product_description": "Artikelnr.: 80666",
  "producthierarchy_level1": "Sortiment",
  "producthierarchy_level2": "Sortiment",
  "producthierarchy_level3": "Kaktusfeigen 500g",
  "producthierarchy_level4": "",
  "producthierarchy_level5": "",
  "producthierarchy_level6": "",
  "producthierarchy_level7": "",
  "currency": "Swiss franc",
  "file_name_1": "80666_1.jpg",
  "image_url_1": "https://sortiment.lidl.ch/media/catalog/product/cache/38c728e59b3a47950872534eff8a1e63/8/0/80666_OGFG.jpg"
},
{
  "_id": {
    "$oid": "66f3a976d23ade1eec55ff4e"
  },
  "unique_id": "80646",
  "product_name": "Granatapfel",
  "brand": "",
  "regular_price": 1.35,
  "selling_price": 0.85,
  "price_per_unit": "pro Stück",
  "breadcrumb": "Sortiment > Sortiment > Granatapfel",
  "pdp_url": "https://sortiment.lidl.ch/de/granatapfel-0080646",
  "product_description": "Artikelnr.: 80646",
  "producthierarchy_level1": "Sortiment",
  "producthierarchy_level2": "Sortiment",
  "producthierarchy_level3": "Granatapfel",
  "producthierarchy_level4": "",
  "producthierarchy_level5": "",
  "producthierarchy_level6": "",
  "producthierarchy_level7": "",
  "currency": "Swiss franc",
  "file_name_1": "80646_1.jpg",
  "image_url_1": "https://sortiment.lidl.ch/media/catalog/product/cache/38c728e59b3a47950872534eff8a1e63/8/0/80646_OGFG.jpg"
},
{
  "_id": {
    "$oid": "66f3a977d23ade1eec55ff4f"
  },
  "unique_id": "80640",
  "product_name": "Feigen 500g",
  "brand": "",
  "regular_price": 2.49,
  "selling_price": 2.49,
  "price_per_unit": "pro 500g | 1Kg = 4.98 CHF",
  "breadcrumb": "Sortiment > Sortiment > Feigen 500g",
  "pdp_url": "https://sortiment.lidl.ch/de/feigen-500g-0080640",
  "product_description": "Artikelnr.: 80640",
  "producthierarchy_level1": "Sortiment",
  "producthierarchy_level2": "Sortiment",
  "producthierarchy_level3": "Feigen 500g",
  "producthierarchy_level4": "",
  "producthierarchy_level5": "",
  "producthierarchy_level6": "",
  "producthierarchy_level7": "",
  "currency": "Swiss franc",
  "file_name_1": "80640_1.jpg",
  "image_url_1": "https://sortiment.lidl.ch/media/catalog/product/cache/38c728e59b3a47950872534eff8a1e63/8/0/80640_OGFG.jpg"
},
{
  "_id": {
    "$oid": "66f3a979d23ade1eec55ff50"
  },
  "unique_id": "80636",
  "product_name": "Feigen",
  "brand": "",
  "regular_price": 0.49,
  "selling_price": 0.49,
  "price_per_unit": "pro Stück",
  "breadcrumb": "Sortiment > Sortiment > Feigen",
  "pdp_url": "https://sortiment.lidl.ch/de/feigen-0080636",
  "product_description": "Artikelnr.: 80636",
  "producthierarchy_level1": "Sortiment",
  "producthierarchy_level2": "Sortiment",
  "producthierarchy_level3": "Feigen",
  "producthierarchy_level4": "",
  "producthierarchy_level5": "",
  "producthierarchy_level6": "",
  "producthierarchy_level7": "",
  "currency": "Swiss franc",
  "file_name_1": "80636_1.jpg",
  "image_url_1": "https://sortiment.lidl.ch/media/catalog/product/cache/38c728e59b3a47950872534eff8a1e63/8/0/80636_OGFG.jpg"
},
{
  "_id": {
    "$oid": "66f3a97ad23ade1eec55ff51"
  },
  "unique_id": "80619",
  "product_name": "Avocado 700g",
  "brand": "Rainforest Alliance",
  "regular_price": 2.49,
  "selling_price": 2.49,
  "price_per_unit": "pro 700g | 1Kg = 3.56 CHF",
  "breadcrumb": "Sortiment > Sortiment > Avocado 700g",
  "pdp_url": "https://sortiment.lidl.ch/de/avocado-700g-0080619",
  "product_description": "Artikelnr.: 80619",
  "producthierarchy_level1": "Sortiment",
  "producthierarchy_level2": "Sortiment",
  "producthierarchy_level3": "Avocado 700g",
  "producthierarchy_level4": "",
  "producthierarchy_level5": "",
  "producthierarchy_level6": "",
  "producthierarchy_level7": "",
  "currency": "Swiss franc",
  "file_name_1": "80619_1.jpg",
  "image_url_1": "https://sortiment.lidl.ch/media/catalog/product/cache/38c728e59b3a47950872534eff8a1e63/8/0/80619_OGFG.jpg"
},
{
  "_id": {
    "$oid": "66f3a97bd23ade1eec55ff52"
  },
  "unique_id": "80611",
  "product_name": "Ananas Extra sweet",
  "brand": "Rainforest Alliance",
  "regular_price": 2.29,
  "selling_price": 2.29,
  "price_per_unit": "pro Stück",
  "breadcrumb": "Sortiment > Sortiment > Ananas Extra sweet",
  "pdp_url": "https://sortiment.lidl.ch/de/ananas-extra-sweet-0080611",
  "product_description": "Artikelnr.: 80611",
  "producthierarchy_level1": "Sortiment",
  "producthierarchy_level2": "Sortiment",
  "producthierarchy_level3": "Ananas Extra sweet",
  "producthierarchy_level4": "",
  "producthierarchy_level5": "",
  "producthierarchy_level6": "",
  "producthierarchy_level7": "",
  "currency": "Swiss franc",
  "file_name_1": "80611_1.jpg",
  "image_url_1": "https://sortiment.lidl.ch/media/catalog/product/cache/38c728e59b3a47950872534eff8a1e63/8/0/80611_OGFG.jpg"
},
{
  "_id": {
    "$oid": "66f3a97cd23ade1eec55ff53"
  },
  "unique_id": "80041",
  "product_name": "Grapefruit",
  "brand": "",
  "regular_price": 0.89,
  "selling_price": 0.89,
  "price_per_unit": "pro Stück",
  "breadcrumb": "Sortiment > Sortiment > Grapefruit",
  "pdp_url": "https://sortiment.lidl.ch/de/grapefruit-0080041",
  "product_description": "Artikelnr.: 80041",
  "producthierarchy_level1": "Sortiment",
  "producthierarchy_level2": "Sortiment",
  "producthierarchy_level3": "Grapefruit",
  "producthierarchy_level4": "",
  "producthierarchy_level5": "",
  "producthierarchy_level6": "",
  "producthierarchy_level7": "",
  "currency": "Swiss franc",
  "file_name_1": "80041_1.jpg",
  "image_url_1": "https://sortiment.lidl.ch/media/catalog/product/cache/38c728e59b3a47950872534eff8a1e63/8/0/80041_OGFG.jpg"
},
{
  "_id": {
    "$oid": "66f3a97dd23ade1eec55ff54"
  },
  "unique_id": "80085",
  "product_name": "Clementinen",
  "brand": "",
  "regular_price": 2.49,
  "selling_price": 2.49,
  "price_per_unit": "pro 1kg",
  "breadcrumb": "Sortiment > Sortiment > Clementinen",
  "pdp_url": "https://sortiment.lidl.ch/de/clementinen-0080085",
  "product_description": "Artikelnr.: 80085",
  "producthierarchy_level1": "Sortiment",
  "producthierarchy_level2": "Sortiment",
  "producthierarchy_level3": "Clementinen",
  "producthierarchy_level4": "",
  "producthierarchy_level5": "",
  "producthierarchy_level6": "",
  "producthierarchy_level7": "",
  "currency": "Swiss franc",
  "file_name_1": "80085_1.jpg",
  "image_url_1": "https://sortiment.lidl.ch/media/catalog/product/cache/38c728e59b3a47950872534eff8a1e63/8/0/80085_OGFG.jpg"
},
{
  "_id": {
    "$oid": "66f3a97ed23ade1eec55ff55"
  },
  "unique_id": "81536",
  "product_name": "Bio Zitronen",
  "brand": "BIO Organic",
  "regular_price": 0.49,
  "selling_price": 0.49,
  "price_per_unit": "pro Stück",
  "breadcrumb": "Sortiment > Sortiment > Bio Zitronen",
  "pdp_url": "https://sortiment.lidl.ch/de/bio-zitronen-0081536",
  "product_description": "Artikelnr.: 81536",
  "producthierarchy_level1": "Sortiment",
  "producthierarchy_level2": "Sortiment",
  "producthierarchy_level3": "Bio Zitronen",
  "producthierarchy_level4": "",
  "producthierarchy_level5": "",
  "producthierarchy_level6": "",
  "producthierarchy_level7": "",
  "currency": "Swiss franc",
  "file_name_1": "81536_1.jpg",
  "image_url_1": "https://sortiment.lidl.ch/media/catalog/product/cache/38c728e59b3a47950872534eff8a1e63/8/1/81536_OGFG.jpg"
},
{
  "_id": {
    "$oid": "66f3a97fd23ade1eec55ff56"
  },
  "unique_id": "81532",
  "product_name": "Bio Orangen 1kg",
  "brand": "BIO Organic",
  "regular_price": 3.79,
  "selling_price": 3.79,
  "price_per_unit": "pro 1kg",
  "breadcrumb": "Sortiment > Sortiment > Bio Orangen 1kg",
  "pdp_url": "https://sortiment.lidl.ch/de/bio-orangen-1kg-0081532",
  "product_description": "Artikelnr.: 81532",
  "producthierarchy_level1": "Sortiment",
  "producthierarchy_level2": "Sortiment",
  "producthierarchy_level3": "Bio Orangen 1kg",
  "producthierarchy_level4": "",
  "producthierarchy_level5": "",
  "producthierarchy_level6": "",
  "producthierarchy_level7": "",
  "currency": "Swiss franc",
  "file_name_1": "81532_1.jpg",
  "image_url_1": "https://sortiment.lidl.ch/media/catalog/product/cache/38c728e59b3a47950872534eff8a1e63/8/1/81532_PSXX.jpg"
},
{
  "_id": {
    "$oid": "66f3a980d23ade1eec55ff57"
  },
  "unique_id": "80179",
  "product_name": "Fairtrade Limette",
  "brand": "Fairglobe",
  "regular_price": 0.49,
  "selling_price": 0.49,
  "price_per_unit": "pro Stück",
  "breadcrumb": "Sortiment > Sortiment > Fairtrade Limette",
  "pdp_url": "https://sortiment.lidl.ch/de/fairtrade-limette-0080179",
  "product_description": "Artikelnr.: 80179",
  "producthierarchy_level1": "Sortiment",
  "producthierarchy_level2": "Sortiment",
  "producthierarchy_level3": "Fairtrade Limette",
  "producthierarchy_level4": "",
  "producthierarchy_level5": "",
  "producthierarchy_level6": "",
  "producthierarchy_level7": "",
  "currency": "Swiss franc",
  "file_name_1": "80179_1.jpg",
  "image_url_1": "https://sortiment.lidl.ch/media/catalog/product/cache/38c728e59b3a47950872534eff8a1e63/8/0/80179_OGFG.jpg"
},
{
  "_id": {
    "$oid": "66f3a981d23ade1eec55ff58"
  },
  "unique_id": "80161",
  "product_name": "Zitrone",
  "brand": "",
  "regular_price": 0.39,
  "selling_price": 0.39,
  "price_per_unit": "pro Stück",
  "breadcrumb": "Sortiment > Sortiment > Zitrone",
  "pdp_url": "https://sortiment.lidl.ch/de/zitrone-0080161",
  "product_description": "Artikelnr.: 80161",
  "producthierarchy_level1": "Sortiment",
  "producthierarchy_level2": "Sortiment",
  "producthierarchy_level3": "Zitrone",
  "producthierarchy_level4": "",
  "producthierarchy_level5": "",
  "producthierarchy_level6": "",
  "producthierarchy_level7": "",
  "currency": "Swiss franc",
  "file_name_1": "80161_1.jpg",
  "image_url_1": "https://sortiment.lidl.ch/media/catalog/product/cache/38c728e59b3a47950872534eff8a1e63/8/0/80161_OGFG.jpg"
},
{
  "_id": {
    "$oid": "66f3a982d23ade1eec55ff59"
  },
  "unique_id": "80141",
  "product_name": "Orangen 1,5kg",
  "brand": "",
  "regular_price": 2.25,
  "selling_price": 2.25,
  "price_per_unit": "pro 1.5kg | 1Kg = 1.50 CHF",
  "breadcrumb": "Sortiment > Sortiment > Orangen 1,5kg",
  "pdp_url": "https://sortiment.lidl.ch/de/orangen-1-5kg-0080141",
  "product_description": "Artikelnr.: 80141",
  "producthierarchy_level1": "Sortiment",
  "producthierarchy_level2": "Sortiment",
  "producthierarchy_level3": "Orangen 1,5kg",
  "producthierarchy_level4": "",
  "producthierarchy_level5": "",
  "producthierarchy_level6": "",
  "producthierarchy_level7": "",
  "currency": "Swiss franc",
  "file_name_1": "80141_1.jpg",
  "image_url_1": "https://sortiment.lidl.ch/media/catalog/product/cache/38c728e59b3a47950872534eff8a1e63/8/0/80141_OGFG_1.jpg"
},
{
  "_id": {
    "$oid": "66f3a983d23ade1eec55ff5a"
  },
  "unique_id": "80056",
  "product_name": "Honigpomelo",
  "brand": "",
  "regular_price": 2.29,
  "selling_price": 2.29,
  "price_per_unit": "pro Stück",
  "breadcrumb": "Sortiment > Sortiment > Honigpomelo",
  "pdp_url": "https://sortiment.lidl.ch/de/honigpomelo-0080056",
  "product_description": "Artikelnr.: 80056",
  "producthierarchy_level1": "Sortiment",
  "producthierarchy_level2": "Sortiment",
  "producthierarchy_level3": "Honigpomelo",
  "producthierarchy_level4": "",
  "producthierarchy_level5": "",
  "producthierarchy_level6": "",
  "producthierarchy_level7": "",
  "currency": "Swiss franc",
  "file_name_1": "80056_1.jpg",
  "image_url_1": "https://sortiment.lidl.ch/media/catalog/product/cache/38c728e59b3a47950872534eff8a1e63/8/0/80056_02_OGFG.jpg",
  "file_name_2": "80056_2.jpg",
  "image_url_2": "https://sortiment.lidl.ch/media/catalog/product/cache/38c728e59b3a47950872534eff8a1e63/8/0/80056_OGFG.jpg"
},
{
  "_id": {
    "$oid": "66f3a984d23ade1eec55ff5b"
  },
  "unique_id": "81685",
  "product_name": "Bio Heidelbeeren 125g",
  "brand": "BIO Organic",
  "regular_price": 1.69,
  "selling_price": 1.69,
  "price_per_unit": "pro 125g | 100g = 1.36 CHF",
  "breadcrumb": "Sortiment > Sortiment > Bio Heidelbeeren 125g",
  "pdp_url": "https://sortiment.lidl.ch/de/bio-heidelbeeren-125g-0081685",
  "product_description": "Artikelnr.: 81685",
  "producthierarchy_level1": "Sortiment",
  "producthierarchy_level2": "Sortiment",
  "producthierarchy_level3": "Bio Heidelbeeren 125g",
  "producthierarchy_level4": "",
  "producthierarchy_level5": "",
  "producthierarchy_level6": "",
  "producthierarchy_level7": "",
  "currency": "Swiss franc",
  "file_name_1": "81685_1.jpg",
  "image_url_1": "https://sortiment.lidl.ch/media/catalog/product/cache/38c728e59b3a47950872534eff8a1e63/8/1/81685_OGFG.jpg"
},
{
  "_id": {
    "$oid": "66f3a985d23ade1eec55ff5c"
  },
  "unique_id": "80838",
  "product_name": "Himbeeren 250g",
  "brand": "",
  "regular_price": 4.99,
  "selling_price": 4.99,
  "price_per_unit": "pro 250g | 100g = 2.00 CHF",
  "breadcrumb": "Sortiment > Sortiment > Himbeeren 250g",
  "pdp_url": "https://sortiment.lidl.ch/de/himbeeren-250g-0080838",
  "product_description": "Artikelnr.: 80838",
  "producthierarchy_level1": "Sortiment",
  "producthierarchy_level2": "Sortiment",
  "producthierarchy_level3": "Himbeeren 250g",
  "producthierarchy_level4": "",
  "producthierarchy_level5": "",
  "producthierarchy_level6": "",
  "producthierarchy_level7": "",
  "currency": "Swiss franc",
  "file_name_1": "80838_1.jpg",
  "image_url_1": "https://sortiment.lidl.ch/media/catalog/product/cache/38c728e59b3a47950872534eff8a1e63/8/0/80838_OGFG.jpg"
},
{
  "_id": {
    "$oid": "66f3a986d23ade1eec55ff5d"
  },
  "unique_id": "80823",
  "product_name": "Heidelbeeren 250g",
  "brand": "",
  "regular_price": 3.79,
  "selling_price": 3.79,
  "price_per_unit": "pro 250g | 100g = 1.52 CHF",
  "breadcrumb": "Sortiment > Sortiment > Heidelbeeren 250g",
  "pdp_url": "https://sortiment.lidl.ch/de/heidelbeeren-250g-0080823",
  "product_description": "Artikelnr.: 80823",
  "producthierarchy_level1": "Sortiment",
  "producthierarchy_level2": "Sortiment",
  "producthierarchy_level3": "Heidelbeeren 250g",
  "producthierarchy_level4": "",
  "producthierarchy_level5": "",
  "producthierarchy_level6": "",
  "producthierarchy_level7": "",
  "currency": "Swiss franc",
  "file_name_1": "80823_1.jpg",
  "image_url_1": "https://sortiment.lidl.ch/media/catalog/product/cache/38c728e59b3a47950872534eff8a1e63/8/0/80823_OGFG.jpg"
},
{
  "_id": {
    "$oid": "66f3a987d23ade1eec55ff5e"
  },
  "unique_id": "80805",
  "product_name": "Erdbeeren 500g",
  "brand": "",
  "regular_price": 4.99,
  "selling_price": 4.99,
  "price_per_unit": "pro 500g | 1Kg = 9.98 CHF",
  "breadcrumb": "Sortiment > Sortiment > Erdbeeren 500g",
  "pdp_url": "https://sortiment.lidl.ch/de/erdbeeren-500g-0080805",
  "product_description": "Artikelnr.: 80805",
  "producthierarchy_level1": "Sortiment",
  "producthierarchy_level2": "Sortiment",
  "producthierarchy_level3": "Erdbeeren 500g",
  "producthierarchy_level4": "",
  "producthierarchy_level5": "",
  "producthierarchy_level6": "",
  "producthierarchy_level7": "",
  "currency": "Swiss franc",
  "file_name_1": "80805_1.jpg",
  "image_url_1": "https://sortiment.lidl.ch/media/catalog/product/cache/38c728e59b3a47950872534eff8a1e63/8/0/80805_OGFG.jpg"
},
{
  "_id": {
    "$oid": "66f3a988d23ade1eec55ff5f"
  },
  "unique_id": "80801",
  "product_name": "Erdbeeren 250g",
  "brand": "Deluxe",
  "regular_price": 3.99,
  "selling_price": 3.99,
  "price_per_unit": "pro 250g | 100g = 1.60 CHF",
  "breadcrumb": "Sortiment > Sortiment > Erdbeeren 250g",
  "pdp_url": "https://sortiment.lidl.ch/de/erdbeeren-250g-0080801",
  "product_description": "Artikelnr.: 80801",
  "producthierarchy_level1": "Sortiment",
  "producthierarchy_level2": "Sortiment",
  "producthierarchy_level3": "Erdbeeren 250g",
  "producthierarchy_level4": "",
  "producthierarchy_level5": "",
  "producthierarchy_level6": "",
  "producthierarchy_level7": "",
  "currency": "Swiss franc",
  "file_name_1": "80801_1.jpg",
  "image_url_1": "https://sortiment.lidl.ch/media/catalog/product/cache/38c728e59b3a47950872534eff8a1e63/8/0/80801_OGFG_1.jpg"
},
{
  "_id": {
    "$oid": "66f3a989d23ade1eec55ff60"
  },
  "unique_id": "80435",
  "product_name": "Zwetschgen",
  "brand": "",
  "regular_price": 3.99,
  "selling_price": 3.99,
  "price_per_unit": "pro 1kg",
  "breadcrumb": "Sortiment > Sortiment > Zwetschgen",
  "pdp_url": "https://sortiment.lidl.ch/de/zwetschgen-0080435",
  "product_description": "Artikelnr.: 80435",
  "producthierarchy_level1": "Sortiment",
  "producthierarchy_level2": "Sortiment",
  "producthierarchy_level3": "Zwetschgen",
  "producthierarchy_level4": "",
  "producthierarchy_level5": "",
  "producthierarchy_level6": "",
  "producthierarchy_level7": "",
  "currency": "Swiss franc",
  "file_name_1": "80435_1.jpg",
  "image_url_1": "https://sortiment.lidl.ch/media/catalog/product/cache/38c728e59b3a47950872534eff8a1e63/8/0/80435_OGFG.jpg"
},
{
  "_id": {
    "$oid": "66f3a98ad23ade1eec55ff61"
  },
  "unique_id": "80417",
  "product_name": "Pflaumen 1kg",
  "brand": "",
  "regular_price": 2.69,
  "selling_price": 2.69,
  "price_per_unit": "pro 1kg",
  "breadcrumb": "Sortiment > Sortiment > Pflaumen 1kg",
  "pdp_url": "https://sortiment.lidl.ch/de/pflaumen-1kg-0080417",
  "product_description": "Artikelnr.: 80417",
  "producthierarchy_level1": "Sortiment",
  "producthierarchy_level2": "Sortiment",
  "producthierarchy_level3": "Pflaumen 1kg",
  "producthierarchy_level4": "",
  "producthierarchy_level5": "",
  "producthierarchy_level6": "",
  "producthierarchy_level7": "",
  "currency": "Swiss franc",
  "file_name_1": "80417_1.jpg",
  "image_url_1": "https://sortiment.lidl.ch/media/catalog/product/cache/38c728e59b3a47950872534eff8a1e63/8/0/80417_OGFG.jpg"
},
{
  "_id": {
    "$oid": "66f3a98bd23ade1eec55ff62"
  },
  "unique_id": "81560",
  "product_name": "Bio Äpfel rot 500g",
  "brand": "BIO Organic",
  "regular_price": 2.85,
  "selling_price": 2.85,
  "price_per_unit": "pro 500g | 1Kg = 5.70 CHF",
  "breadcrumb": "Sortiment > Sortiment > Bio Äpfel rot 500g",
  "pdp_url": "https://sortiment.lidl.ch/de/bio-aepfel-rot-500g-0081560",
  "product_description": "Artikelnr.: 81560",
  "producthierarchy_level1": "Sortiment",
  "producthierarchy_level2": "Sortiment",
  "producthierarchy_level3": "Bio Äpfel rot 500g",
  "producthierarchy_level4": "",
  "producthierarchy_level5": "",
  "producthierarchy_level6": "",
  "producthierarchy_level7": "",
  "currency": "Swiss franc",
  "file_name_1": "81560_1.jpg",
  "image_url_1": "https://sortiment.lidl.ch/media/catalog/product/cache/38c728e59b3a47950872534eff8a1e63/8/1/81560_OGFG.jpg",
  "file_name_2": "81560_2.jpg",
  "image_url_2": "https://sortiment.lidl.ch/media/catalog/product/cache/38c728e59b3a47950872534eff8a1e63/8/1/81560_PSXX.jpg"
},
{
  "_id": {
    "$oid": "66f3a98cd23ade1eec55ff63"
  },
  "unique_id": "80316",
  "product_name": "Nashi Birnen",
  "brand": "",
  "regular_price": 0.99,
  "selling_price": 0.99,
  "price_per_unit": "pro Stück",
  "breadcrumb": "Sortiment > Sortiment > Nashi Birnen",
  "pdp_url": "https://sortiment.lidl.ch/de/nashi-birnen-0080316",
  "product_description": "Artikelnr.: 80316",
  "producthierarchy_level1": "Sortiment",
  "producthierarchy_level2": "Sortiment",
  "producthierarchy_level3": "Nashi Birnen",
  "producthierarchy_level4": "",
  "producthierarchy_level5": "",
  "producthierarchy_level6": "",
  "producthierarchy_level7": "",
  "currency": "Swiss franc",
  "file_name_1": "80316_1.jpg",
  "image_url_1": "https://sortiment.lidl.ch/media/catalog/product/cache/38c728e59b3a47950872534eff8a1e63/8/0/80316_NashiBirnen_OGFG.jpg"
},
{
  "_id": {
    "$oid": "66f3a98dd23ade1eec55ff64"
  },
  "unique_id": "80285",
  "product_name": "Birnen in Schale",
  "brand": "",
  "regular_price": 2.99,
  "selling_price": 2.99,
  "price_per_unit": "pro 1kg",
  "breadcrumb": "Sortiment > Sortiment > Birnen in Schale",
  "pdp_url": "https://sortiment.lidl.ch/de/birnen-in-schale-0080285",
  "product_description": "Artikelnr.: 80285",
  "producthierarchy_level1": "Sortiment",
  "producthierarchy_level2": "Sortiment",
  "producthierarchy_level3": "Birnen in Schale",
  "producthierarchy_level4": "",
  "producthierarchy_level5": "",
  "producthierarchy_level6": "",
  "producthierarchy_level7": "",
  "currency": "Swiss franc",
  "file_name_1": "80285_1.jpg",
  "image_url_1": "https://sortiment.lidl.ch/media/catalog/product/cache/38c728e59b3a47950872534eff8a1e63/8/0/80285_OGFG.jpg"
},
{
  "_id": {
    "$oid": "66f3a98fd23ade1eec55ff65"
  },
  "unique_id": "80236",
  "product_name": "Äpfel rot 2,5kg",
  "brand": "",
  "regular_price": 3.95,
  "selling_price": 2.99,
  "price_per_unit": "pro 2.5kg | 1Kg = 1.20 CHF",
  "breadcrumb": "Sortiment > Sortiment > Äpfel rot 2,5kg",
  "pdp_url": "https://sortiment.lidl.ch/de/aepfel-rot-2-5kg-0080236",
  "product_description": "Artikelnr.: 80236",
  "producthierarchy_level1": "Sortiment",
  "producthierarchy_level2": "Sortiment",
  "producthierarchy_level3": "Äpfel rot 2,5kg",
  "producthierarchy_level4": "",
  "producthierarchy_level5": "",
  "producthierarchy_level6": "",
  "producthierarchy_level7": "",
  "currency": "Swiss franc",
  "file_name_1": "80236_1.jpg",
  "image_url_1": "https://sortiment.lidl.ch/media/catalog/product/cache/38c728e59b3a47950872534eff8a1e63/8/0/80236_OGFG.jpg"
},
{
  "_id": {
    "$oid": "66f3a990d23ade1eec55ff66"
  },
  "unique_id": "80215",
  "product_name": "Äpfel Pink Lady 1kg",
  "brand": "",
  "regular_price": 4.49,
  "selling_price": 4.49,
  "price_per_unit": "pro 1kg",
  "breadcrumb": "Sortiment > Sortiment > Äpfel Pink Lady 1kg",
  "pdp_url": "https://sortiment.lidl.ch/de/aepfel-pink-lady-1kg-0080215",
  "product_description": "Artikelnr.: 80215",
  "producthierarchy_level1": "Sortiment",
  "producthierarchy_level2": "Sortiment",
  "producthierarchy_level3": "Äpfel Pink Lady 1kg",
  "producthierarchy_level4": "",
  "producthierarchy_level5": "",
  "producthierarchy_level6": "",
  "producthierarchy_level7": "",
  "currency": "Swiss franc",
  "file_name_1": "80215_1.jpg",
  "image_url_1": "https://sortiment.lidl.ch/media/catalog/product/cache/38c728e59b3a47950872534eff8a1e63/8/0/80215_OGFG.jpg"
},
{
  "_id": {
    "$oid": "66f3a991d23ade1eec55ff67"
  },
  "unique_id": "80185",
  "product_name": "Äpfel grün",
  "brand": "",
  "regular_price": 2.89,
  "selling_price": 2.89,
  "price_per_unit": "pro 1kg",
  "breadcrumb": "Sortiment > Sortiment > Äpfel grün",
  "pdp_url": "https://sortiment.lidl.ch/de/aepfel-gruen-0080185",
  "product_description": "Artikelnr.: 80185",
  "producthierarchy_level1": "Sortiment",
  "producthierarchy_level2": "Sortiment",
  "producthierarchy_level3": "Äpfel grün",
  "producthierarchy_level4": "",
  "producthierarchy_level5": "",
  "producthierarchy_level6": "",
  "producthierarchy_level7": "",
  "currency": "Swiss franc",
  "file_name_1": "80185_1.jpg",
  "image_url_1": "https://sortiment.lidl.ch/media/catalog/product/cache/38c728e59b3a47950872534eff8a1e63/8/0/80185_OGFG.jpg"
},
{
  "_id": {
    "$oid": "66f3a992d23ade1eec55ff68"
  },
  "unique_id": "80575",
  "product_name": "Wassermelone kernarm",
  "brand": "",
  "regular_price": 1.29,
  "selling_price": 1.29,
  "price_per_unit": "pro 1kg",
  "breadcrumb": "Sortiment > Sortiment > Wassermelone kernarm",
  "pdp_url": "https://sortiment.lidl.ch/de/wassermelone-kernarm-0080575",
  "product_description": "Artikelnr.: 80575",
  "producthierarchy_level1": "Sortiment",
  "producthierarchy_level2": "Sortiment",
  "producthierarchy_level3": "Wassermelone kernarm",
  "producthierarchy_level4": "",
  "producthierarchy_level5": "",
  "producthierarchy_level6": "",
  "producthierarchy_level7": "",
  "currency": "Swiss franc",
  "file_name_1": "80575_1.jpg",
  "image_url_1": "https://sortiment.lidl.ch/media/catalog/product/cache/38c728e59b3a47950872534eff8a1e63/8/0/80575_OGFG.jpg"
},
{
  "_id": {
    "$oid": "66f3a993d23ade1eec55ff69"
  },
  "unique_id": "80546",
  "product_name": "Galiamelone",
  "brand": "Rainforest Alliance",
  "regular_price": 2.59,
  "selling_price": 2.59,
  "price_per_unit": "pro Stück",
  "breadcrumb": "Sortiment > Sortiment > Galiamelone",
  "pdp_url": "https://sortiment.lidl.ch/de/galiamelone-0080546",
  "product_description": "Artikelnr.: 80546",
  "producthierarchy_level1": "Sortiment",
  "producthierarchy_level2": "Sortiment",
  "producthierarchy_level3": "Galiamelone",
  "producthierarchy_level4": "",
  "producthierarchy_level5": "",
  "producthierarchy_level6": "",
  "producthierarchy_level7": "",
  "currency": "Swiss franc",
  "file_name_1": "80546_1.jpg",
  "image_url_1": "https://sortiment.lidl.ch/media/catalog/product/cache/38c728e59b3a47950872534eff8a1e63/8/0/80546_OGFG.jpg"
},
{
  "_id": {
    "$oid": "66f3a994d23ade1eec55ff6a"
  },
  "unique_id": "81651",
  "product_name": "BIO Trauben hell kernlos 500g",
  "brand": "BIO Organic",
  "regular_price": 2.29,
  "selling_price": 2.29,
  "price_per_unit": "pro 500g | 1Kg = 4.58 CHF",
  "breadcrumb": "Sortiment > Sortiment > BIO Trauben hell kernlos 500g",
  "pdp_url": "https://sortiment.lidl.ch/de/bio-trauben-hell-kernlos-500g-0081651",
  "product_description": "Artikelnr.: 81651",
  "producthierarchy_level1": "Sortiment",
  "producthierarchy_level2": "Sortiment",
  "producthierarchy_level3": "BIO Trauben hell kernlos 500g",
  "producthierarchy_level4": "",
  "producthierarchy_level5": "",
  "producthierarchy_level6": "",
  "producthierarchy_level7": "",
  "currency": "Swiss franc",
  "file_name_1": "81651_1.jpg",
  "image_url_1": "https://sortiment.lidl.ch/media/catalog/product/cache/38c728e59b3a47950872534eff8a1e63/8/1/81651_OGFG_1.jpg"
},
{
  "_id": {
    "$oid": "66f3a995d23ade1eec55ff6b"
  },
  "unique_id": "80532",
  "product_name": "Trauben Premium 400g",
  "brand": "",
  "regular_price": 2.49,
  "selling_price": 2.49,
  "price_per_unit": "pro 400g | 100g = 0.63 CHF",
  "breadcrumb": "Sortiment > Sortiment > Trauben Premium 400g",
  "pdp_url": "https://sortiment.lidl.ch/de/trauben-premium-400g-0080532",
  "product_description": "Artikelnr.: 80532",
  "producthierarchy_level1": "Sortiment",
  "producthierarchy_level2": "Sortiment",
  "producthierarchy_level3": "Trauben Premium 400g",
  "producthierarchy_level4": "",
  "producthierarchy_level5": "",
  "producthierarchy_level6": "",
  "producthierarchy_level7": "",
  "currency": "Swiss franc",
  "file_name_1": "80532_1.jpg",
  "image_url_1": "https://sortiment.lidl.ch/media/catalog/product/cache/38c728e59b3a47950872534eff8a1e63/8/0/80532_PSXX_1.jpg"
},
{
  "_id": {
    "$oid": "66f3a996d23ade1eec55ff6c"
  },
  "unique_id": "80510",
  "product_name": "Trauben hell",
  "brand": "",
  "regular_price": 2.59,
  "selling_price": 2.59,
  "price_per_unit": "pro 1kg",
  "breadcrumb": "Sortiment > Sortiment > Trauben hell",
  "pdp_url": "https://sortiment.lidl.ch/de/trauben-hell-0080510",
  "product_description": "Artikelnr.: 80510",
  "producthierarchy_level1": "Sortiment",
  "producthierarchy_level2": "Sortiment",
  "producthierarchy_level3": "Trauben hell",
  "producthierarchy_level4": "",
  "producthierarchy_level5": "",
  "producthierarchy_level6": "",
  "producthierarchy_level7": "",
  "currency": "Swiss franc",
  "file_name_1": "80510_1.jpg",
  "image_url_1": "https://sortiment.lidl.ch/media/catalog/product/cache/38c728e59b3a47950872534eff8a1e63/8/0/80510_OGFG.jpg"
},
{
  "_id": {
    "$oid": "66f3a997d23ade1eec55ff6d"
  },
  "unique_id": "80505",
  "product_name": "Trauben hell kernlos 500g",
  "brand": "",
  "regular_price": 1.99,
  "selling_price": 1.99,
  "price_per_unit": "pro 500g | 1Kg = 3.98 CHF",
  "breadcrumb": "Sortiment > Sortiment > Trauben hell kernlos 500g",
  "pdp_url": "https://sortiment.lidl.ch/de/trauben-hell-kernlos-500g-0080505",
  "product_description": "Artikelnr.: 80505",
  "producthierarchy_level1": "Sortiment",
  "producthierarchy_level2": "Sortiment",
  "producthierarchy_level3": "Trauben hell kernlos 500g",
  "producthierarchy_level4": "",
  "producthierarchy_level5": "",
  "producthierarchy_level6": "",
  "producthierarchy_level7": "",
  "currency": "Swiss franc",
  "file_name_1": "80505_1.jpg",
  "image_url_1": "https://sortiment.lidl.ch/media/catalog/product/cache/38c728e59b3a47950872534eff8a1e63/8/0/80505_OGFG.jpg"
},
{
  "_id": {
    "$oid": "66f3a998d23ade1eec55ff6e"
  },
  "unique_id": "80490",
  "product_name": "Trauben rot",
  "brand": "",
  "regular_price": 2.59,
  "selling_price": 2.59,
  "price_per_unit": "pro 1kg",
  "breadcrumb": "Sortiment > Sortiment > Trauben rot",
  "pdp_url": "https://sortiment.lidl.ch/de/trauben-rot-0080490",
  "product_description": "Artikelnr.: 80490",
  "producthierarchy_level1": "Sortiment",
  "producthierarchy_level2": "Sortiment",
  "producthierarchy_level3": "Trauben rot",
  "producthierarchy_level4": "",
  "producthierarchy_level5": "",
  "producthierarchy_level6": "",
  "producthierarchy_level7": "",
  "currency": "Swiss franc",
  "file_name_1": "80490_1.jpg",
  "image_url_1": "https://sortiment.lidl.ch/media/catalog/product/cache/38c728e59b3a47950872534eff8a1e63/8/0/80490_OGFG.jpg"
},
{
  "_id": {
    "$oid": "66f3a999d23ade1eec55ff6f"
  },
  "unique_id": "80485",
  "product_name": "Trauben rot kernlos 500g",
  "brand": "",
  "regular_price": 1.99,
  "selling_price": 1.99,
  "price_per_unit": "pro 500g | 1Kg = 3.98 CHF",
  "breadcrumb": "Sortiment > Sortiment > Trauben rot kernlos 500g",
  "pdp_url": "https://sortiment.lidl.ch/de/trauben-rot-kernlos-500g-0080485",
  "product_description": "Artikelnr.: 80485",
  "producthierarchy_level1": "Sortiment",
  "producthierarchy_level2": "Sortiment",
  "producthierarchy_level3": "Trauben rot kernlos 500g",
  "producthierarchy_level4": "",
  "producthierarchy_level5": "",
  "producthierarchy_level6": "",
  "producthierarchy_level7": "",
  "currency": "Swiss franc",
  "file_name_1": "80485_1.jpg",
  "image_url_1": "https://sortiment.lidl.ch/media/catalog/product/cache/38c728e59b3a47950872534eff8a1e63/8/0/80485_OGFG.jpg"
},
{
  "_id": {
    "$oid": "66f3a99ad23ade1eec55ff70"
  },
  "unique_id": "80475",
  "product_name": "Trauben Mix 500g",
  "brand": "",
  "regular_price": 1.99,
  "selling_price": 1.99,
  "price_per_unit": "pro 500g | 1Kg = 3.98 CHF",
  "breadcrumb": "Sortiment > Sortiment > Trauben Mix 500g",
  "pdp_url": "https://sortiment.lidl.ch/de/trauben-mix-500g-0080475",
  "product_description": "Artikelnr.: 80475",
  "producthierarchy_level1": "Sortiment",
  "producthierarchy_level2": "Sortiment",
  "producthierarchy_level3": "Trauben Mix 500g",
  "producthierarchy_level4": "",
  "producthierarchy_level5": "",
  "producthierarchy_level6": "",
  "producthierarchy_level7": "",
  "currency": "Swiss franc",
  "file_name_1": "80475_1.jpg",
  "image_url_1": "https://sortiment.lidl.ch/media/catalog/product/cache/38c728e59b3a47950872534eff8a1e63/8/0/80475_OGFG_1.jpg"
},
{
  "_id": {
    "$oid": "66f3a99bd23ade1eec55ff71"
  },
  "unique_id": "81510",
  "product_name": "Fairtrade Bio Bananen",
  "brand": "Fairglobe",
  "regular_price": 2.69,
  "selling_price": 2.69,
  "price_per_unit": "pro 1kg",
  "breadcrumb": "Sortiment > Sortiment > Fairtrade Bio Bananen",
  "pdp_url": "https://sortiment.lidl.ch/de/fairtrade-bio-bananen-0081510",
  "product_description": "Artikelnr.: 81510",
  "producthierarchy_level1": "Sortiment",
  "producthierarchy_level2": "Sortiment",
  "producthierarchy_level3": "Fairtrade Bio Bananen",
  "producthierarchy_level4": "",
  "producthierarchy_level5": "",
  "producthierarchy_level6": "",
  "producthierarchy_level7": "",
  "currency": "Swiss franc",
  "file_name_1": "81510_1.jpg",
  "image_url_1": "https://sortiment.lidl.ch/media/catalog/product/cache/38c728e59b3a47950872534eff8a1e63/8/1/81510_OGFG.jpg"
},
{
  "_id": {
    "$oid": "66f3a99cd23ade1eec55ff72"
  },
  "unique_id": "80000",
  "product_name": "Bananen",
  "brand": "Rainforest Alliance",
  "regular_price": 1.29,
  "selling_price": 1.29,
  "price_per_unit": "pro 1kg",
  "breadcrumb": "Sortiment > Sortiment > Bananen",
  "pdp_url": "https://sortiment.lidl.ch/de/bananen-0080000",
  "product_description": "Artikelnr.: 80000",
  "producthierarchy_level1": "Sortiment",
  "producthierarchy_level2": "Sortiment",
  "producthierarchy_level3": "Bananen",
  "producthierarchy_level4": "",
  "producthierarchy_level5": "",
  "producthierarchy_level6": "",
  "producthierarchy_level7": "",
  "currency": "Swiss franc",
  "file_name_1": "80000_1.jpg",
  "image_url_1": "https://sortiment.lidl.ch/media/catalog/product/cache/38c728e59b3a47950872534eff8a1e63/8/0/80000_OGFG.jpg"
},
{
  "_id": {
    "$oid": "66f3a99dd23ade1eec55ff73"
  },
  "unique_id": "80915",
  "product_name": "Maroni",
  "brand": "",
  "regular_price": 9.9,
  "selling_price": 9.9,
  "price_per_unit": "pro 1kg",
  "breadcrumb": "Sortiment > Sortiment > Maroni",
  "pdp_url": "https://sortiment.lidl.ch/de/maroni-0080915",
  "product_description": "Artikelnr.: 80915",
  "producthierarchy_level1": "Sortiment",
  "producthierarchy_level2": "Sortiment",
  "producthierarchy_level3": "Maroni",
  "producthierarchy_level4": "",
  "producthierarchy_level5": "",
  "producthierarchy_level6": "",
  "producthierarchy_level7": "",
  "currency": "Swiss franc",
  "file_name_1": "80915_1.jpg",
  "image_url_1": "https://sortiment.lidl.ch/media/catalog/product/cache/38c728e59b3a47950872534eff8a1e63/8/0/80915_OGFG.jpg"
},
{
  "_id": {
    "$oid": "66f3a99ed23ade1eec55ff74"
  },
  "unique_id": "5105758",
  "product_name": "Bio Eistee",
  "brand": "Freeway",
  "regular_price": 0.79,
  "selling_price": 0.79,
  "price_per_unit": "pro 0,5l | 1L = 1.58 CHF",
  "breadcrumb": "Sortiment > Sortiment > Bio Eistee",
  "pdp_url": "https://sortiment.lidl.ch/de/bio-eistee-5105758",
  "product_description": "Artikelnr.: 5105758 diverse Sorten",
  "producthierarchy_level1": "Sortiment",
  "producthierarchy_level2": "Sortiment",
  "producthierarchy_level3": "Bio Eistee",
  "producthierarchy_level4": "",
  "producthierarchy_level5": "",
  "producthierarchy_level6": "",
  "producthierarchy_level7": "",
  "currency": "Swiss franc",
  "file_name_1": "5105758_1.jpg",
  "image_url_1": "https://sortiment.lidl.ch/media/catalog/product/cache/38c728e59b3a47950872534eff8a1e63/5/1/5105758_EF_Alpenkraeuter_PSXX_5.jpg",
  "file_name_2": "5105758_2.jpg",
  "image_url_2": "https://sortiment.lidl.ch/media/catalog/product/cache/38c728e59b3a47950872534eff8a1e63/5/1/5105758_EF_Zitrone_PSXX_4.jpg",
  "file_name_3": "5105758_3.jpg",
  "image_url_3": "https://sortiment.lidl.ch/media/catalog/product/cache/38c728e59b3a47950872534eff8a1e63/5/1/5105758_EF_hagApfel_PSXX_1.jpg"
},
{
  "_id": {
    "$oid": "66f3a99fd23ade1eec55ff75"
  },
  "unique_id": "5103012",
  "product_name": "Ice Tea frisch aufgebrüht",
  "brand": "Freeway",
  "regular_price": 0.79,
  "selling_price": 0.79,
  "price_per_unit": "pro 0,5l | 1L = 1.58 CHF",
  "breadcrumb": "Sortiment > Sortiment > Ice Tea frisch aufgebrüht",
  "pdp_url": "https://sortiment.lidl.ch/de/ice-tea-frisch-aufgebrueht-5103012",
  "product_description": "Artikelnr.: 5103012 *Konkurrenzvergleich:  17.07.2024",
  "producthierarchy_level1": "Sortiment",
  "producthierarchy_level2": "Sortiment",
  "producthierarchy_level3": "Ice Tea frisch aufgebrüht",
  "producthierarchy_level4": "",
  "producthierarchy_level5": "",
  "producthierarchy_level6": "",
  "producthierarchy_level7": "",
  "currency": "Swiss franc",
  "file_name_1": "5103012_1.jpg",
  "image_url_1": "https://sortiment.lidl.ch/media/amasty/amoptmobile/catalog/product/cache/38c728e59b3a47950872534eff8a1e63/5/1/5103012_GreenTea_EF_PSXX.jpg",
  "file_name_2": "5103012_2.jpg",
  "image_url_2": "https://sortiment.lidl.ch/media/catalog/product/cache/38c728e59b3a47950872534eff8a1e63/5/1/5103012_GreenTea_Pack_PSXX.jpg",
  "file_name_3": "5103012_3.jpg",
  "image_url_3": "https://sortiment.lidl.ch/media/catalog/product/cache/38c728e59b3a47950872534eff8a1e63/5/1/5103012_Lemon_EF_PSXX.jpg",
  "file_name_4": "5103012_4.jpg",
  "image_url_4": "https://sortiment.lidl.ch/media/catalog/product/cache/38c728e59b3a47950872534eff8a1e63/5/1/5103012_Lemon_Pack_PSXX.jpg",
  "file_name_5": "5103012_5.jpg",
  "image_url_5": "https://sortiment.lidl.ch/media/catalog/product/cache/38c728e59b3a47950872534eff8a1e63/5/1/5103012_Peach_EF_PSXX.jpg",
  "file_name_6": "5103012_6.jpg",
  "image_url_6": "https://sortiment.lidl.ch/media/catalog/product/cache/38c728e59b3a47950872534eff8a1e63/5/1/5103012_Peach_Pack_PSXX.jpg"
},
{
  "_id": {
    "$oid": "66f3a9a1d23ade1eec55ff76"
  },
  "unique_id": "3357",
  "product_name": "Ice Tea frisch aufgebrüht",
  "brand": "Freeway",
  "regular_price": 0.89,
  "selling_price": 0.89,
  "price_per_unit": "pro 1000ml",
  "breadcrumb": "Sortiment > Sortiment > Ice Tea frisch aufgebrüht",
  "pdp_url": "https://sortiment.lidl.ch/de/ice-tea-frisch-aufgebrueht-0003357",
  "product_description": "Artikelnr.: 3357",
  "producthierarchy_level1": "Sortiment",
  "producthierarchy_level2": "Sortiment",
  "producthierarchy_level3": "Ice Tea frisch aufgebrüht",
  "producthierarchy_level4": "",
  "producthierarchy_level5": "",
  "producthierarchy_level6": "",
  "producthierarchy_level7": "",
  "currency": "Swiss franc",
  "file_name_1": "3357_1.jpg",
  "image_url_1": "https://sortiment.lidl.ch/media/catalog/product/cache/38c728e59b3a47950872534eff8a1e63/3/3/3357_GreenTea_EF_PSXX_1.jpg",
  "file_name_2": "3357_2.jpg",
  "image_url_2": "https://sortiment.lidl.ch/media/catalog/product/cache/38c728e59b3a47950872534eff8a1e63/3/3/3357_GreenTea_PACK_PSXX_1.jpg",
  "file_name_3": "3357_3.jpg",
  "image_url_3": "https://sortiment.lidl.ch/media/catalog/product/cache/38c728e59b3a47950872534eff8a1e63/3/3/3357_Lemon_EF_PSXX.jpg",
  "file_name_4": "3357_4.jpg",
  "image_url_4": "https://sortiment.lidl.ch/media/catalog/product/cache/38c728e59b3a47950872534eff8a1e63/3/3/3357_Lemon_PACK_PSXX.jpg",
  "file_name_5": "3357_5.jpg",
  "image_url_5": "https://sortiment.lidl.ch/media/catalog/product/cache/38c728e59b3a47950872534eff8a1e63/3/3/3357_Peach_EF_PSXX.jpg",
  "file_name_6": "3357_6.jpg",
  "image_url_6": "https://sortiment.lidl.ch/media/catalog/product/cache/38c728e59b3a47950872534eff8a1e63/3/3/3357_Peach_PACK_PSXX.jpg",
  "file_name_7": "3357_7.jpg",
  "image_url_7": "https://sortiment.lidl.ch/media/catalog/product/cache/38c728e59b3a47950872534eff8a1e63/3/3/3357_Zero_PSXX.jpg"
},
{
  "_id": {
    "$oid": "66f3a9a2d23ade1eec55ff77"
  },
  "unique_id": "27",
  "product_name": "Ice Tea Pfirsich",
  "brand": "Solevita",
  "regular_price": 0.59,
  "selling_price": 0.59,
  "price_per_unit": "pro 1,5l | 1L = 0.40 CHF",
  "breadcrumb": "Sortiment > Sortiment > Ice Tea Pfirsich",
  "pdp_url": "https://sortiment.lidl.ch/de/ice-tea-pfirsich-0000027",
  "product_description": "Artikelnr.: 27",
  "producthierarchy_level1": "Sortiment",
  "producthierarchy_level2": "Sortiment",
  "producthierarchy_level3": "Ice Tea Pfirsich",
  "producthierarchy_level4": "",
  "producthierarchy_level5": "",
  "producthierarchy_level6": "",
  "producthierarchy_level7": "",
  "currency": "Swiss franc",
  "file_name_1": "27_1.jpg",
  "image_url_1": "https://sortiment.lidl.ch/media/catalog/product/cache/38c728e59b3a47950872534eff8a1e63/2/7/27_PSXX.jpg"
},
{
  "_id": {
    "$oid": "66f3a9a3d23ade1eec55ff78"
  },
  "unique_id": "26",
  "product_name": "Ice Tea Zitrone",
  "brand": "Freeway",
  "regular_price": 0.59,
  "selling_price": 0.59,
  "price_per_unit": "pro 1,5l | 1L = 0.40 CHF",
  "breadcrumb": "Sortiment > Sortiment > Ice Tea Zitrone",
  "pdp_url": "https://sortiment.lidl.ch/de/ice-tea-zitrone-0000026",
  "product_description": "Artikelnr.: 26",
  "producthierarchy_level1": "Sortiment",
  "producthierarchy_level2": "Sortiment",
  "producthierarchy_level3": "Ice Tea Zitrone",
  "producthierarchy_level4": "",
  "producthierarchy_level5": "",
  "producthierarchy_level6": "",
  "producthierarchy_level7": "",
  "currency": "Swiss franc",
  "file_name_1": "26_1.jpg",
  "image_url_1": "https://sortiment.lidl.ch/media/catalog/product/cache/38c728e59b3a47950872534eff8a1e63/2/6/26_PSXX.jpg"
},
{
  "_id": {
    "$oid": "66f3a9a4d23ade1eec55ff79"
  },
  "unique_id": "5107107",
  "product_name": "Ice Tea Zero frisch aufgebrüht",
  "brand": "Freeway",
  "regular_price": 0.79,
  "selling_price": 0.79,
  "price_per_unit": "pro 500ml | 1L = 1.58 CHF",
  "breadcrumb": "Sortiment > Sortiment > Ice Tea Zero frisch aufgebrüht",
  "pdp_url": "https://sortiment.lidl.ch/de/ice-tea-zero-frisch-aufgebrueht-5107107",
  "product_description": "Artikelnr.: 5107107",
  "producthierarchy_level1": "Sortiment",
  "producthierarchy_level2": "Sortiment",
  "producthierarchy_level3": "Ice Tea Zero frisch aufgebrüht",
  "producthierarchy_level4": "",
  "producthierarchy_level5": "",
  "producthierarchy_level6": "",
  "producthierarchy_level7": "",
  "currency": "Swiss franc",
  "file_name_1": "5107107_1.jpg",
  "image_url_1": "https://sortiment.lidl.ch/media/catalog/product/cache/38c728e59b3a47950872534eff8a1e63/5/1/5107107_GreenTeaEF_PSXX.jpg",
  "file_name_2": "5107107_2.jpg",
  "image_url_2": "https://sortiment.lidl.ch/media/catalog/product/cache/38c728e59b3a47950872534eff8a1e63/5/1/5107107_GreenTeaPack_PSXX.jpg",
  "file_name_3": "5107107_3.jpg",
  "image_url_3": "https://sortiment.lidl.ch/media/catalog/product/cache/38c728e59b3a47950872534eff8a1e63/5/1/5107107_LemonPack_PSXX.jpg",
  "file_name_4": "5107107_4.jpg",
  "image_url_4": "https://sortiment.lidl.ch/media/catalog/product/cache/38c728e59b3a47950872534eff8a1e63/5/1/5107107_LemonZeroEF_PSXX.jpg",
  "file_name_5": "5107107_5.jpg",
  "image_url_5": "https://sortiment.lidl.ch/media/catalog/product/cache/38c728e59b3a47950872534eff8a1e63/5/1/5107107_PeachEF_PSXX.jpg",
  "file_name_6": "5107107_6.jpg",
  "image_url_6": "https://sortiment.lidl.ch/media/catalog/product/cache/38c728e59b3a47950872534eff8a1e63/5/1/5107107_PeachPack_PSXX.jpg",
  "file_name_7": "5107107_7.jpg",
  "image_url_7": "https://sortiment.lidl.ch/media/catalog/product/cache/38c728e59b3a47950872534eff8a1e63/5/1/5107107_ZeroLemon_PSXX_1.jpg"
},
{
  "_id": {
    "$oid": "66f3a9a5d23ade1eec55ff7a"
  },
  "unique_id": "136227",
  "product_name": "Kokosnusswasser",
  "brand": "Solevita",
  "regular_price": 1.45,
  "selling_price": 1.45,
  "price_per_unit": "pro 0,5l | 1L = 2.90 CHF",
  "breadcrumb": "Sortiment > Sortiment > Kokosnusswasser",
  "pdp_url": "https://sortiment.lidl.ch/de/kokosnusswasser-0136227",
  "product_description": "Artikelnr.: 136227",
  "producthierarchy_level1": "Sortiment",
  "producthierarchy_level2": "Sortiment",
  "producthierarchy_level3": "Kokosnusswasser",
  "producthierarchy_level4": "",
  "producthierarchy_level5": "",
  "producthierarchy_level6": "",
  "producthierarchy_level7": "",
  "currency": "Swiss franc",
  "file_name_1": "136227_1.jpg",
  "image_url_1": "https://sortiment.lidl.ch/media/catalog/product/cache/38c728e59b3a47950872534eff8a1e63/1/3/136227_PSXX.jpg"
},
{
  "_id": {
    "$oid": "66f3a9a6d23ade1eec55ff7b"
  },
  "unique_id": "3499",
  "product_name": "Tropical Drink",
  "brand": "Solevita",
  "regular_price": 0.99,
  "selling_price": 0.99,
  "price_per_unit": "pro 1,5l | 1L = 0.66 CHF",
  "breadcrumb": "Sortiment > Sortiment > Tropical Drink",
  "pdp_url": "https://sortiment.lidl.ch/de/tropical-drink-0003499",
  "product_description": "Artikelnr.: 3499",
  "producthierarchy_level1": "Sortiment",
  "producthierarchy_level2": "Sortiment",
  "producthierarchy_level3": "Tropical Drink",
  "producthierarchy_level4": "",
  "producthierarchy_level5": "",
  "producthierarchy_level6": "",
  "producthierarchy_level7": "",
  "currency": "Swiss franc",
  "file_name_1": "3499_1.jpg",
  "image_url_1": "https://sortiment.lidl.ch/media/catalog/product/cache/38c728e59b3a47950872534eff8a1e63/3/4/3499_PSXX.jpg"
},
{
  "_id": {
    "$oid": "66f3a9a7d23ade1eec55ff7c"
  },
  "unique_id": "149169",
  "product_name": "Bio Ingwer Kurkuma Shot",
  "brand": "Solevita",
  "regular_price": 1.69,
  "selling_price": 1.69,
  "price_per_unit": "pro 150ml | 1L = 11.27 CHF",
  "breadcrumb": "Sortiment > Sortiment > Bio Ingwer Kurkuma Shot",
  "pdp_url": "https://sortiment.lidl.ch/de/bio-ingwer-kurkuma-shot-0149169",
  "product_description": "Artikelnr.: 149169",
  "producthierarchy_level1": "Sortiment",
  "producthierarchy_level2": "Sortiment",
  "producthierarchy_level3": "Bio Ingwer Kurkuma Shot",
  "producthierarchy_level4": "",
  "producthierarchy_level5": "",
  "producthierarchy_level6": "",
  "producthierarchy_level7": "",
  "currency": "Swiss franc",
  "file_name_1": "149169_1.jpg",
  "image_url_1": "https://sortiment.lidl.ch/media/catalog/product/cache/38c728e59b3a47950872534eff8a1e63/1/4/149169_PSXX.jpg"
},
{
  "_id": {
    "$oid": "66f3a9a8d23ade1eec55ff7d"
  },
  "unique_id": "143693",
  "product_name": "Bio Ingwer Shot",
  "brand": "Solevita",
  "regular_price": 1.69,
  "selling_price": 1.69,
  "price_per_unit": "pro 150ml | 1L = 11.27 CHF",
  "breadcrumb": "Sortiment > Sortiment > Bio Ingwer Shot",
  "pdp_url": "https://sortiment.lidl.ch/de/bio-ingwer-shot-0143693",
  "product_description": "Artikelnr.: 143693",
  "producthierarchy_level1": "Sortiment",
  "producthierarchy_level2": "Sortiment",
  "producthierarchy_level3": "Bio Ingwer Shot",
  "producthierarchy_level4": "",
  "producthierarchy_level5": "",
  "producthierarchy_level6": "",
  "producthierarchy_level7": "",
  "currency": "Swiss franc",
  "file_name_1": "143693_1.jpg",
  "image_url_1": "https://sortiment.lidl.ch/media/catalog/product/cache/38c728e59b3a47950872534eff8a1e63/1/4/143693_PSXX_1.jpg"
},
{
  "_id": {
    "$oid": "66f3a9aad23ade1eec55ff7e"
  },
  "unique_id": "143915",
  "product_name": "Family Drink",
  "brand": "Solevita",
  "regular_price": 1.59,
  "selling_price": 1.59,
  "price_per_unit": "pro 1l",
  "breadcrumb": "Sortiment > Sortiment > Family Drink",
  "pdp_url": "https://sortiment.lidl.ch/de/family-drink-0143915",
  "product_description": "Artikelnr.: 143915",
  "producthierarchy_level1": "Sortiment",
  "producthierarchy_level2": "Sortiment",
  "producthierarchy_level3": "Family Drink",
  "producthierarchy_level4": "",
  "producthierarchy_level5": "",
  "producthierarchy_level6": "",
  "producthierarchy_level7": "",
  "currency": "Swiss franc",
  "file_name_1": "143915_1.jpg",
  "image_url_1": "https://sortiment.lidl.ch/media/catalog/product/cache/38c728e59b3a47950872534eff8a1e63/1/4/143915_Breakfast_PSXX.jpg",
  "file_name_2": "143915_2.jpg",
  "image_url_2": "https://sortiment.lidl.ch/media/catalog/product/cache/38c728e59b3a47950872534eff8a1e63/1/4/143915_Omega_PSXX.jpg"
},
{
  "_id": {
    "$oid": "66f3a9abd23ade1eec55ff7f"
  },
  "unique_id": "137429",
  "product_name": "Bio Gemüsesaft",
  "brand": "Solevita",
  "regular_price": 1.45,
  "selling_price": 1.45,
  "price_per_unit": "pro 1l",
  "breadcrumb": "Sortiment > Sortiment > Bio Gemüsesaft",
  "pdp_url": "https://sortiment.lidl.ch/de/bio-gemuesesaft-0137429",
  "product_description": "Artikelnr.: 137429",
  "producthierarchy_level1": "Sortiment",
  "producthierarchy_level2": "Sortiment",
  "producthierarchy_level3": "Bio Gemüsesaft",
  "producthierarchy_level4": "",
  "producthierarchy_level5": "",
  "producthierarchy_level6": "",
  "producthierarchy_level7": "",
  "currency": "Swiss franc",
  "file_name_1": "137429_1.jpg",
  "image_url_1": "https://sortiment.lidl.ch/media/amasty/amoptmobile/catalog/product/cache/38c728e59b3a47950872534eff8a1e63/1/3/137429_Karotte_PSXX.jpg",
  "file_name_2": "137429_2.jpg",
  "image_url_2": "https://sortiment.lidl.ch/media/catalog/product/cache/38c728e59b3a47950872534eff8a1e63/1/3/137429_Tomate_PSXX_1.jpg"
},
{
  "_id": {
    "$oid": "66f3a9acd23ade1eec55ff80"
  },
  "unique_id": "31323",
  "product_name": "Zitronensaft",
  "brand": "Solevita",
  "regular_price": 0.59,
  "selling_price": 0.59,
  "price_per_unit": "pro 200ml | 1L = 2.95 CHF",
  "breadcrumb": "Sortiment > Sortiment > Zitronensaft",
  "pdp_url": "https://sortiment.lidl.ch/de/zitronensaft-0031323",
  "product_description": "Artikelnr.: 31323",
  "producthierarchy_level1": "Sortiment",
  "producthierarchy_level2": "Sortiment",
  "producthierarchy_level3": "Zitronensaft",
  "producthierarchy_level4": "",
  "producthierarchy_level5": "",
  "producthierarchy_level6": "",
  "producthierarchy_level7": "",
  "currency": "Swiss franc",
  "file_name_1": "31323_1.jpg",
  "image_url_1": "https://sortiment.lidl.ch/media/catalog/product/cache/38c728e59b3a47950872534eff8a1e63/3/1/31323_PSXX.jpg"
},
{
  "_id": {
    "$oid": "66f3a9add23ade1eec55ff81"
  },
  "unique_id": "126943",
  "product_name": "Energy Drink Sugarfree",
  "brand": "KONG STRONG",
  "regular_price": 0.55,
  "selling_price": 0.55,
  "price_per_unit": "pro 0,25l | 1L = 2.20 CHF",
  "breadcrumb": "Sortiment > Sortiment > Energy Drink Sugarfree",
  "pdp_url": "https://sortiment.lidl.ch/de/energy-drink-sugarfree-0126943",
  "product_description": "Artikelnr.: 126943",
  "producthierarchy_level1": "Sortiment",
  "producthierarchy_level2": "Sortiment",
  "producthierarchy_level3": "Energy Drink Sugarfree",
  "producthierarchy_level4": "",
  "producthierarchy_level5": "",
  "producthierarchy_level6": "",
  "producthierarchy_level7": "",
  "currency": "Swiss franc",
  "file_name_1": "126943_1.jpg",
  "image_url_1": "https://sortiment.lidl.ch/media/catalog/product/cache/38c728e59b3a47950872534eff8a1e63/1/2/126943_PSXX.jpg"
},
{
  "_id": {
    "$oid": "66f3a9afd23ade1eec55ff82"
  },
  "unique_id": "126942",
  "product_name": "Energy Drink Classic",
  "brand": "KONG STRONG",
  "regular_price": 0.55,
  "selling_price": 0.55,
  "price_per_unit": "pro 0,25l | 1L = 2.20 CHF",
  "breadcrumb": "Sortiment > Sortiment > Energy Drink Classic",
  "pdp_url": "https://sortiment.lidl.ch/de/energy-drink-classic-0126942",
  "product_description": "Artikelnr.: 126942",
  "producthierarchy_level1": "Sortiment",
  "producthierarchy_level2": "Sortiment",
  "producthierarchy_level3": "Energy Drink Classic",
  "producthierarchy_level4": "",
  "producthierarchy_level5": "",
  "producthierarchy_level6": "",
  "producthierarchy_level7": "",
  "currency": "Swiss franc",
  "file_name_1": "126942_1.jpg",
  "image_url_1": "https://sortiment.lidl.ch/media/catalog/product/cache/38c728e59b3a47950872534eff8a1e63/1/2/126942_PSXX.jpg"
},
{
  "_id": {
    "$oid": "66f3a9b0d23ade1eec55ff83"
  },
  "unique_id": "5105116",
  "product_name": "Tamaro Gassosa",
  "brand": "Tamaro",
  "regular_price": 1.49,
  "selling_price": 1.49,
  "price_per_unit": "pro 1,5l | 1L = 1.00 CHF",
  "breadcrumb": "Sortiment > Sortiment > Tamaro Gassosa",
  "pdp_url": "https://sortiment.lidl.ch/de/tamaro-gassosa-5105116",
  "product_description": "Artikelnr.: 5105116 diverse Sorten",
  "producthierarchy_level1": "Sortiment",
  "producthierarchy_level2": "Sortiment",
  "producthierarchy_level3": "Tamaro Gassosa",
  "producthierarchy_level4": "",
  "producthierarchy_level5": "",
  "producthierarchy_level6": "",
  "producthierarchy_level7": "",
  "currency": "Swiss franc",
  "file_name_1": "5105116_1.jpg",
  "image_url_1": "https://sortiment.lidl.ch/media/catalog/product/cache/38c728e59b3a47950872534eff8a1e63/5/1/5105116_EF_Himbeer_PSXX_3.jpg",
  "file_name_2": "5105116_2.jpg",
  "image_url_2": "https://sortiment.lidl.ch/media/catalog/product/cache/38c728e59b3a47950872534eff8a1e63/5/1/5105116_EF_Mandarine_PSXX_3.jpg",
  "file_name_3": "5105116_3.jpg",
  "image_url_3": "https://sortiment.lidl.ch/media/catalog/product/cache/38c728e59b3a47950872534eff8a1e63/5/1/5105116_EF_Zitrone_PSXX_3.jpg",
  "file_name_4": "5105116_4.jpg",
  "image_url_4": "https://sortiment.lidl.ch/media/catalog/product/cache/38c728e59b3a47950872534eff8a1e63/5/1/5105116_Pack_Himbeer_PSXX_3.jpg",
  "file_name_5": "5105116_5.jpg",
  "image_url_5": "https://sortiment.lidl.ch/media/catalog/product/cache/38c728e59b3a47950872534eff8a1e63/5/1/5105116_Pack_Mandarine_PSXX_3.jpg",
  "file_name_6": "5105116_6.jpg",
  "image_url_6": "https://sortiment.lidl.ch/media/catalog/product/cache/38c728e59b3a47950872534eff8a1e63/5/1/5105116_Pack_Zitrone_PSXX_3.jpg"
},
{
  "_id": {
    "$oid": "66f3a9b1d23ade1eec55ff84"
  },
  "unique_id": "1153",
  "product_name": "Coca-Cola Zero",
  "brand": "Coca-Cola",
  "regular_price": 14.95,
  "selling_price": 7.45,
  "price_per_unit": "pro 2l | 1L = 3.73 CHF",
  "breadcrumb": "Sortiment > Sortiment > Coca-Cola Zero",
  "pdp_url": "https://sortiment.lidl.ch/de/coca-cola-zero-0001153",
  "product_description": "Artikelnr.: 1153",
  "producthierarchy_level1": "Sortiment",
  "producthierarchy_level2": "Sortiment",
  "producthierarchy_level3": "Coca-Cola Zero",
  "producthierarchy_level4": "",
  "producthierarchy_level5": "",
  "producthierarchy_level6": "",
  "producthierarchy_level7": "",
  "currency": "Swiss franc",
  "file_name_1": "1153_1.jpg",
  "image_url_1": "https://sortiment.lidl.ch/media/catalog/product/cache/38c728e59b3a47950872534eff8a1e63/1/1/1153_6er_PSXX_1.jpg",
  "file_name_2": "1153_2.jpg",
  "image_url_2": "https://sortiment.lidl.ch/media/catalog/product/cache/38c728e59b3a47950872534eff8a1e63/1/1/1153_EF_PSXX_1.jpg"
},
{
  "_id": {
    "$oid": "66f3a9b2d23ade1eec55ff85"
  },
  "unique_id": "1151",
  "product_name": "Coca-Cola Original",
  "brand": "Coca-Cola",
  "regular_price": 14.95,
  "selling_price": 7.45,
  "price_per_unit": "pro 2l | 1L = 3.73 CHF",
  "breadcrumb": "Sortiment > Sortiment > Coca-Cola Original",
  "pdp_url": "https://sortiment.lidl.ch/de/coca-cola-original-0001151",
  "product_description": "Artikelnr.: 1151",
  "producthierarchy_level1": "Sortiment",
  "producthierarchy_level2": "Sortiment",
  "producthierarchy_level3": "Coca-Cola Original",
  "producthierarchy_level4": "",
  "producthierarchy_level5": "",
  "producthierarchy_level6": "",
  "producthierarchy_level7": "",
  "currency": "Swiss franc",
  "file_name_1": "1151_1.jpg",
  "image_url_1": "https://sortiment.lidl.ch/media/catalog/product/cache/38c728e59b3a47950872534eff8a1e63/1/1/1151_6er_PSXX.jpg",
  "file_name_2": "1151_2.jpg",
  "image_url_2": "https://sortiment.lidl.ch/media/catalog/product/cache/38c728e59b3a47950872534eff8a1e63/1/1/1151_EF_PSXX.jpg"
},
{
  "_id": {
    "$oid": "66f3a9b3d23ade1eec55ff86"
  },
  "unique_id": "3500",
  "product_name": "Lemon / Lemon Zero",
  "brand": "Freeway",
  "regular_price": 0.59,
  "selling_price": 0.59,
  "price_per_unit": "pro 1,5l | 1L = 0.40 CHF",
  "breadcrumb": "Sortiment > Sortiment > Lemon / Lemon Zero",
  "pdp_url": "https://sortiment.lidl.ch/de/lemon-lemon-zero-0003500",
  "product_description": "Artikelnr.: 3500",
  "producthierarchy_level1": "Sortiment",
  "producthierarchy_level2": "Sortiment",
  "producthierarchy_level3": "Lemon / Lemon Zero",
  "producthierarchy_level4": "",
  "producthierarchy_level5": "",
  "producthierarchy_level6": "",
  "producthierarchy_level7": "",
  "currency": "Swiss franc",
  "file_name_1": "3500_1.jpg",
  "image_url_1": "https://sortiment.lidl.ch/media/catalog/product/cache/38c728e59b3a47950872534eff8a1e63/3/5/3500_Classic_PSXX_1.jpg",
  "file_name_2": "3500_2.jpg",
  "image_url_2": "https://sortiment.lidl.ch/media/catalog/product/cache/38c728e59b3a47950872534eff8a1e63/3/5/3500_Zero_PSXX_1.jpg"
},
{
  "_id": {
    "$oid": "66f3a9b4d23ade1eec55ff87"
  },
  "unique_id": "3501",
  "product_name": "Orange / Orange Zero",
  "brand": "Freeway",
  "regular_price": 0.59,
  "selling_price": 0.59,
  "price_per_unit": "pro 1,5l | 1L = 0.40 CHF",
  "breadcrumb": "Sortiment > Sortiment > Orange / Orange Zero",
  "pdp_url": "https://sortiment.lidl.ch/de/orange-orange-zero-0003501",
  "product_description": "Artikelnr.: 3501",
  "producthierarchy_level1": "Sortiment",
  "producthierarchy_level2": "Sortiment",
  "producthierarchy_level3": "Orange / Orange Zero",
  "producthierarchy_level4": "",
  "producthierarchy_level5": "",
  "producthierarchy_level6": "",
  "producthierarchy_level7": "",
  "currency": "Swiss franc",
  "file_name_1": "3501_1.jpg",
  "image_url_1": "https://sortiment.lidl.ch/media/catalog/product/cache/38c728e59b3a47950872534eff8a1e63/3/5/3501_EF_PSXX.jpg",
  "file_name_2": "3501_2.jpg",
  "image_url_2": "https://sortiment.lidl.ch/media/catalog/product/cache/38c728e59b3a47950872534eff8a1e63/3/5/3501_EF_Zero_PSXX.jpg",
  "file_name_3": "3501_3.jpg",
  "image_url_3": "https://sortiment.lidl.ch/media/catalog/product/cache/38c728e59b3a47950872534eff8a1e63/3/5/3501_Pack_PSXX.jpg",
  "file_name_4": "3501_4.jpg",
  "image_url_4": "https://sortiment.lidl.ch/media/catalog/product/cache/38c728e59b3a47950872534eff8a1e63/3/5/3501_Pack_Zero_PSXX.jpg"
},
{
  "_id": {
    "$oid": "66f3a9b5d23ade1eec55ff88"
  },
  "unique_id": "5106128",
  "product_name": "Rivella Blau",
  "brand": "Rivella",
  "regular_price": 2.19,
  "selling_price": 2.19,
  "price_per_unit": "pro 1,25l | 1L = 1.76 CHF",
  "breadcrumb": "Sortiment > Sortiment > Rivella Blau",
  "pdp_url": "https://sortiment.lidl.ch/de/rivella-blau-5106128",
  "product_description": "Artikelnr.: 5106128",
  "producthierarchy_level1": "Sortiment",
  "producthierarchy_level2": "Sortiment",
  "producthierarchy_level3": "Rivella Blau",
  "producthierarchy_level4": "",
  "producthierarchy_level5": "",
  "producthierarchy_level6": "",
  "producthierarchy_level7": "",
  "currency": "Swiss franc",
  "file_name_1": "5106128_1.jpg",
  "image_url_1": "https://sortiment.lidl.ch/media/catalog/product/cache/38c728e59b3a47950872534eff8a1e63/5/1/5106128_EF_PSXX.jpg",
  "file_name_2": "5106128_2.jpg",
  "image_url_2": "https://sortiment.lidl.ch/media/catalog/product/cache/38c728e59b3a47950872534eff8a1e63/5/1/5106128_Pack_PSXX.jpg"
},
{
  "_id": {
    "$oid": "66f3a9b6d23ade1eec55ff89"
  },
  "unique_id": "5106126",
  "product_name": "Rivella Rot",
  "brand": "Rivella",
  "regular_price": 2.19,
  "selling_price": 2.19,
  "price_per_unit": "pro 1,25l | 1L = 1.76 CHF",
  "breadcrumb": "Sortiment > Sortiment > Rivella Rot",
  "pdp_url": "https://sortiment.lidl.ch/de/rivella-rot-5106126",
  "product_description": "Artikelnr.: 5106126",
  "producthierarchy_level1": "Sortiment",
  "producthierarchy_level2": "Sortiment",
  "producthierarchy_level3": "Rivella Rot",
  "producthierarchy_level4": "",
  "producthierarchy_level5": "",
  "producthierarchy_level6": "",
  "producthierarchy_level7": "",
  "currency": "Swiss franc",
  "file_name_1": "5106126_1.jpg",
  "image_url_1": "https://sortiment.lidl.ch/media/catalog/product/cache/38c728e59b3a47950872534eff8a1e63/5/1/5106126_EF_PSXX.jpg",
  "file_name_2": "5106126_2.jpg",
  "image_url_2": "https://sortiment.lidl.ch/media/catalog/product/cache/38c728e59b3a47950872534eff8a1e63/5/1/5106126_Pack_PSXX.jpg"
},
{
  "_id": {
    "$oid": "66f3a9b7d23ade1eec55ff8a"
  },
  "unique_id": "5105121",
  "product_name": "Tamaro Gassosa",
  "brand": "Tamaro",
  "regular_price": 0.99,
  "selling_price": 0.99,
  "price_per_unit": "pro 0,5l | 1L = 1.98 CHF",
  "breadcrumb": "Sortiment > Sortiment > Tamaro Gassosa",
  "pdp_url": "https://sortiment.lidl.ch/de/tamaro-gassosa-5105121",
  "product_description": "Artikelnr.: 5105121",
  "producthierarchy_level1": "Sortiment",
  "producthierarchy_level2": "Sortiment",
  "producthierarchy_level3": "Tamaro Gassosa",
  "producthierarchy_level4": "",
  "producthierarchy_level5": "",
  "producthierarchy_level6": "",
  "producthierarchy_level7": "",
  "currency": "Swiss franc",
  "file_name_1": "5105121_1.jpg",
  "image_url_1": "https://sortiment.lidl.ch/media/catalog/product/cache/38c728e59b3a47950872534eff8a1e63/5/1/5105121_EF_Himbeer_PSXX_3.jpg",
  "file_name_2": "5105121_2.jpg",
  "image_url_2": "https://sortiment.lidl.ch/media/catalog/product/cache/38c728e59b3a47950872534eff8a1e63/5/1/5105121_EF_Mandarine_PSXX_3.jpg",
  "file_name_3": "5105121_3.jpg",
  "image_url_3": "https://sortiment.lidl.ch/media/catalog/product/cache/38c728e59b3a47950872534eff8a1e63/5/1/5105121_EF_Zitrone_PSXX_3.jpg"
},
{
  "_id": {
    "$oid": "66f3a9b8d23ade1eec55ff8b"
  },
  "unique_id": "129820",
  "product_name": "Cola Zero",
  "brand": "Freeway",
  "regular_price": 0.39,
  "selling_price": 0.39,
  "price_per_unit": "pro 0,33l | 1L = 1.19 CHF",
  "breadcrumb": "Sortiment > Sortiment > Cola Zero",
  "pdp_url": "https://sortiment.lidl.ch/de/cola-zero-0129820",
  "product_description": "Artikelnr.: 129820",
  "producthierarchy_level1": "Sortiment",
  "producthierarchy_level2": "Sortiment",
  "producthierarchy_level3": "Cola Zero",
  "producthierarchy_level4": "",
  "producthierarchy_level5": "",
  "producthierarchy_level6": "",
  "producthierarchy_level7": "",
  "currency": "Swiss franc",
  "file_name_1": "129820_1.jpg",
  "image_url_1": "https://sortiment.lidl.ch/media/catalog/product/cache/38c728e59b3a47950872534eff8a1e63/1/2/129820_PSXX.jpg"
},
{
  "_id": {
    "$oid": "66f3a9bad23ade1eec55ff8c"
  },
  "unique_id": "32094",
  "product_name": "Orange",
  "brand": "Freeway",
  "regular_price": 0.39,
  "selling_price": 0.39,
  "price_per_unit": "pro 0,33l | 1L = 1.19 CHF",
  "breadcrumb": "Sortiment > Sortiment > Orange",
  "pdp_url": "https://sortiment.lidl.ch/de/orange-0032094",
  "product_description": "Artikelnr.: 32094",
  "producthierarchy_level1": "Sortiment",
  "producthierarchy_level2": "Sortiment",
  "producthierarchy_level3": "Orange",
  "producthierarchy_level4": "",
  "producthierarchy_level5": "",
  "producthierarchy_level6": "",
  "producthierarchy_level7": "",
  "currency": "Swiss franc",
  "file_name_1": "32094_1.jpg",
  "image_url_1": "https://sortiment.lidl.ch/media/catalog/product/cache/38c728e59b3a47950872534eff8a1e63/3/2/32094_PSXX_1.jpg"
},
{
  "_id": {
    "$oid": "66f3a9bbd23ade1eec55ff8d"
  },
  "unique_id": "32092",
  "product_name": "Cola",
  "brand": "Freeway",
  "regular_price": 0.39,
  "selling_price": 0.39,
  "price_per_unit": "pro 0,33l | 1L = 1.19 CHF",
  "breadcrumb": "Sortiment > Sortiment > Cola",
  "pdp_url": "https://sortiment.lidl.ch/de/cola-0032092",
  "product_description": "Artikelnr.: 32092",
  "producthierarchy_level1": "Sortiment",
  "producthierarchy_level2": "Sortiment",
  "producthierarchy_level3": "Cola",
  "producthierarchy_level4": "",
  "producthierarchy_level5": "",
  "producthierarchy_level6": "",
  "producthierarchy_level7": "",
  "currency": "Swiss franc",
  "file_name_1": "32092_1.jpg",
  "image_url_1": "https://sortiment.lidl.ch/media/catalog/product/cache/38c728e59b3a47950872534eff8a1e63/3/2/32092_PSXX_1.jpg"
},
{
  "_id": {
    "$oid": "66f3a9bcd23ade1eec55ff8e"
  },
  "unique_id": "32003",
  "product_name": "Lemon",
  "brand": "Freeway",
  "regular_price": 0.39,
  "selling_price": 0.39,
  "price_per_unit": "pro 0,33l | 1L = 1.19 CHF",
  "breadcrumb": "Sortiment > Sortiment > Lemon",
  "pdp_url": "https://sortiment.lidl.ch/de/lemon-0032003",
  "product_description": "Artikelnr.: 32003",
  "producthierarchy_level1": "Sortiment",
  "producthierarchy_level2": "Sortiment",
  "producthierarchy_level3": "Lemon",
  "producthierarchy_level4": "",
  "producthierarchy_level5": "",
  "producthierarchy_level6": "",
  "producthierarchy_level7": "",
  "currency": "Swiss franc",
  "file_name_1": "32003_1.jpg",
  "image_url_1": "https://sortiment.lidl.ch/media/catalog/product/cache/38c728e59b3a47950872534eff8a1e63/3/2/32003_PSXX.jpg"
},
{
  "_id": {
    "$oid": "66f3a9bed23ade1eec55ff8f"
  },
  "unique_id": "3602",
  "product_name": "Rivella Rot",
  "brand": "Rivella",
  "regular_price": 9.29,
  "selling_price": 9.29,
  "price_per_unit": "pro 6x0,5l | 1L = 3.10 CHF",
  "breadcrumb": "Sortiment > Sortiment > Rivella Rot",
  "pdp_url": "https://sortiment.lidl.ch/de/rivella-rot-0003602",
  "product_description": "Artikelnr.: 3602",
  "producthierarchy_level1": "Sortiment",
  "producthierarchy_level2": "Sortiment",
  "producthierarchy_level3": "Rivella Rot",
  "producthierarchy_level4": "",
  "producthierarchy_level5": "",
  "producthierarchy_level6": "",
  "producthierarchy_level7": "",
  "currency": "Swiss franc",
  "file_name_1": "3602_1.jpg",
  "image_url_1": "https://sortiment.lidl.ch/media/catalog/product/cache/38c728e59b3a47950872534eff8a1e63/3/6/3602_PSXX_1.jpg"
},
{
  "_id": {
    "$oid": "66f3a9bfd23ade1eec55ff90"
  },
  "unique_id": "3601",
  "product_name": "Rivella Blau",
  "brand": "Rivella",
  "regular_price": 9.29,
  "selling_price": 9.29,
  "price_per_unit": "pro 6x0,5l | 1L = 3.10 CHF",
  "breadcrumb": "Sortiment > Sortiment > Rivella Blau",
  "pdp_url": "https://sortiment.lidl.ch/de/rivella-blau-0003601",
  "product_description": "Artikelnr.: 3601",
  "producthierarchy_level1": "Sortiment",
  "producthierarchy_level2": "Sortiment",
  "producthierarchy_level3": "Rivella Blau",
  "producthierarchy_level4": "",
  "producthierarchy_level5": "",
  "producthierarchy_level6": "",
  "producthierarchy_level7": "",
  "currency": "Swiss franc",
  "file_name_1": "3601_1.jpg",
  "image_url_1": "https://sortiment.lidl.ch/media/catalog/product/cache/38c728e59b3a47950872534eff8a1e63/3/6/3601_PSXX.jpg"
},
{
  "_id": {
    "$oid": "66f3a9c0d23ade1eec55ff91"
  },
  "unique_id": "1821",
  "product_name": "Red Bull Energy Drink",
  "brand": "Red Bull",
  "regular_price": 1.49,
  "selling_price": 1.49,
  "price_per_unit": "pro 0,25l | 1L = 5.96 CHF",
  "breadcrumb": "Sortiment > Sortiment > Red Bull Energy Drink",
  "pdp_url": "https://sortiment.lidl.ch/de/red-bull-energy-drink-0001821",
  "product_description": "Artikelnr.: 1821",
  "producthierarchy_level1": "Sortiment",
  "producthierarchy_level2": "Sortiment",
  "producthierarchy_level3": "Red Bull Energy Drink",
  "producthierarchy_level4": "",
  "producthierarchy_level5": "",
  "producthierarchy_level6": "",
  "producthierarchy_level7": "",
  "currency": "Swiss franc",
  "file_name_1": "1821_1.jpg",
  "image_url_1": "https://sortiment.lidl.ch/media/catalog/product/cache/38c728e59b3a47950872534eff8a1e63/1/8/1821_PSXX.jpg",
  "file_name_2": "1821_2.jpg",
  "image_url_2": "https://sortiment.lidl.ch/media/catalog/product/cache/38c728e59b3a47950872534eff8a1e63/1/8/1821_Pack_PSXX.jpg"
},
{
  "_id": {
    "$oid": "66f3a9c2d23ade1eec55ff92"
  },
  "unique_id": "1816",
  "product_name": "Coca-Cola Original",
  "brand": "Coca-Cola",
  "regular_price": 1.05,
  "selling_price": 1.05,
  "price_per_unit": "pro 0,33l | 1L = 3.19 CHF",
  "breadcrumb": "Sortiment > Sortiment > Coca-Cola Original",
  "pdp_url": "https://sortiment.lidl.ch/de/coca-cola-original-0001816",
  "product_description": "Artikelnr.: 1816",
  "producthierarchy_level1": "Sortiment",
  "producthierarchy_level2": "Sortiment",
  "producthierarchy_level3": "Coca-Cola Original",
  "producthierarchy_level4": "",
  "producthierarchy_level5": "",
  "producthierarchy_level6": "",
  "producthierarchy_level7": "",
  "currency": "Swiss franc",
  "file_name_1": "1816_1.jpg",
  "image_url_1": "https://sortiment.lidl.ch/media/catalog/product/cache/38c728e59b3a47950872534eff8a1e63/1/8/1816_ED_PSXX.jpg",
  "file_name_2": "1816_2.jpg",
  "image_url_2": "https://sortiment.lidl.ch/media/catalog/product/cache/38c728e59b3a47950872534eff8a1e63/1/8/1816_PSXX.jpg"
},
{
  "_id": {
    "$oid": "66f3a9c3d23ade1eec55ff93"
  },
  "unique_id": "1814",
  "product_name": "Coca-Cola Zero",
  "brand": "Coca-Cola",
  "regular_price": 1.05,
  "selling_price": 1.05,
  "price_per_unit": "pro 0,33l | 1L = 3.19 CHF",
  "breadcrumb": "Sortiment > Sortiment > Coca-Cola Zero",
  "pdp_url": "https://sortiment.lidl.ch/de/coca-cola-zero-0001814",
  "product_description": "Artikelnr.: 1814",
  "producthierarchy_level1": "Sortiment",
  "producthierarchy_level2": "Sortiment",
  "producthierarchy_level3": "Coca-Cola Zero",
  "producthierarchy_level4": "",
  "producthierarchy_level5": "",
  "producthierarchy_level6": "",
  "producthierarchy_level7": "",
  "currency": "Swiss franc",
  "file_name_1": "1814_1.jpg",
  "image_url_1": "https://sortiment.lidl.ch/media/catalog/product/cache/38c728e59b3a47950872534eff8a1e63/1/8/1814_ED_PSXX.jpg",
  "file_name_2": "1814_2.jpg",
  "image_url_2": "https://sortiment.lidl.ch/media/catalog/product/cache/38c728e59b3a47950872534eff8a1e63/1/8/1814_PSXX.jpg"
},
{
  "_id": {
    "$oid": "66f3a9c4d23ade1eec55ff94"
  },
  "unique_id": "1568",
  "product_name": "Red Bull Energy Drink",
  "brand": "Red Bull",
  "regular_price": 8.89,
  "selling_price": 8.89,
  "price_per_unit": "pro 6x0,25l | 1L = 5.93 CHF",
  "breadcrumb": "Sortiment > Sortiment > Red Bull Energy Drink",
  "pdp_url": "https://sortiment.lidl.ch/de/red-bull-energy-drink-0001568",
  "product_description": "Artikelnr.: 1568",
  "producthierarchy_level1": "Sortiment",
  "producthierarchy_level2": "Sortiment",
  "producthierarchy_level3": "Red Bull Energy Drink",
  "producthierarchy_level4": "",
  "producthierarchy_level5": "",
  "producthierarchy_level6": "",
  "producthierarchy_level7": "",
  "currency": "Swiss franc",
  "file_name_1": "1568_1.jpg",
  "image_url_1": "https://sortiment.lidl.ch/media/catalog/product/cache/38c728e59b3a47950872534eff8a1e63/1/5/1568_Pack_PSXX.jpg"
},
{
  "_id": {
    "$oid": "66f3a9c5d23ade1eec55ff95"
  },
  "unique_id": "1289",
  "product_name": "Apfelschorle",
  "brand": "Freeway",
  "regular_price": 1.39,
  "selling_price": 1.39,
  "price_per_unit": "pro 1,5l | 1L = 0.93 CHF",
  "breadcrumb": "Sortiment > Sortiment > Apfelschorle",
  "pdp_url": "https://sortiment.lidl.ch/de/apfelschorle-0001289",
  "product_description": "Artikelnr.: 1289",
  "producthierarchy_level1": "Sortiment",
  "producthierarchy_level2": "Sortiment",
  "producthierarchy_level3": "Apfelschorle",
  "producthierarchy_level4": "",
  "producthierarchy_level5": "",
  "producthierarchy_level6": "",
  "producthierarchy_level7": "",
  "currency": "Swiss franc",
  "file_name_1": "1289_1.jpg",
  "image_url_1": "https://sortiment.lidl.ch/media/catalog/product/cache/38c728e59b3a47950872534eff8a1e63/1/2/1289_EF_PSXX.jpg",
  "file_name_2": "1289_2.jpg",
  "image_url_2": "https://sortiment.lidl.ch/media/catalog/product/cache/38c728e59b3a47950872534eff8a1e63/1/2/1289_Pack_PSXX.jpg"
},
{
  "_id": {
    "$oid": "66f3a9c6d23ade1eec55ff96"
  },
  "unique_id": "1288",
  "product_name": "Apfelschorle",
  "brand": "Freeway",
  "regular_price": 3.49,
  "selling_price": 3.49,
  "price_per_unit": "pro 6x0,5l | 1L = 1.17 CHF",
  "breadcrumb": "Sortiment > Sortiment > Apfelschorle",
  "pdp_url": "https://sortiment.lidl.ch/de/apfelschorle-0001288",
  "product_description": "Artikelnr.: 1288",
  "producthierarchy_level1": "Sortiment",
  "producthierarchy_level2": "Sortiment",
  "producthierarchy_level3": "Apfelschorle",
  "producthierarchy_level4": "",
  "producthierarchy_level5": "",
  "producthierarchy_level6": "",
  "producthierarchy_level7": "",
  "currency": "Swiss franc",
  "file_name_1": "1288_1.jpg",
  "image_url_1": "https://sortiment.lidl.ch/media/catalog/product/cache/38c728e59b3a47950872534eff8a1e63/1/2/1288_Pack_PSXX.jpg"
},
{
  "_id": {
    "$oid": "66f3a9c7d23ade1eec55ff97"
  },
  "unique_id": "58",
  "product_name": "Cola Zero",
  "brand": "Freeway",
  "regular_price": 0.59,
  "selling_price": 0.59,
  "price_per_unit": "pro 1,5l | 1L = 0.40 CHF",
  "breadcrumb": "Sortiment > Sortiment > Cola Zero",
  "pdp_url": "https://sortiment.lidl.ch/de/cola-zero-0000058",
  "product_description": "Artikelnr.: 58",
  "producthierarchy_level1": "Sortiment",
  "producthierarchy_level2": "Sortiment",
  "producthierarchy_level3": "Cola Zero",
  "producthierarchy_level4": "",
  "producthierarchy_level5": "",
  "producthierarchy_level6": "",
  "producthierarchy_level7": "",
  "currency": "Swiss franc",
  "file_name_1": "58_1.jpg",
  "image_url_1": "https://sortiment.lidl.ch/media/catalog/product/cache/38c728e59b3a47950872534eff8a1e63/5/8/58_PSXX.jpg",
  "file_name_2": "58_2.jpg",
  "image_url_2": "https://sortiment.lidl.ch/media/catalog/product/cache/38c728e59b3a47950872534eff8a1e63/5/8/58_Pack_PSXX.jpg"
},
{
  "_id": {
    "$oid": "66f3a9c8d23ade1eec55ff98"
  },
  "unique_id": "22",
  "product_name": "Cola",
  "brand": "Freeway",
  "regular_price": 0.59,
  "selling_price": 0.59,
  "price_per_unit": "pro 1,5l | 1L = 0.40 CHF",
  "breadcrumb": "Sortiment > Sortiment > Cola",
  "pdp_url": "https://sortiment.lidl.ch/de/cola-0000022",
  "product_description": "Artikelnr.: 22",
  "producthierarchy_level1": "Sortiment",
  "producthierarchy_level2": "Sortiment",
  "producthierarchy_level3": "Cola",
  "producthierarchy_level4": "",
  "producthierarchy_level5": "",
  "producthierarchy_level6": "",
  "producthierarchy_level7": "",
  "currency": "Swiss franc",
  "file_name_1": "22_1.jpg",
  "image_url_1": "https://sortiment.lidl.ch/media/catalog/product/cache/38c728e59b3a47950872534eff8a1e63/2/2/22_EF_PSXX.jpg",
  "file_name_2": "22_2.jpg",
  "image_url_2": "https://sortiment.lidl.ch/media/catalog/product/cache/38c728e59b3a47950872534eff8a1e63/2/2/22_Pack_PSXX.jpg"
},
{
  "_id": {
    "$oid": "66f3a9c9d23ade1eec55ff99"
  },
  "unique_id": "6165",
  "product_name": "San Clemente Mineralwasser",
  "brand": "San Clemente",
  "regular_price": 0.69,
  "selling_price": 0.69,
  "price_per_unit": "pro 1,5l | 1L = 0.46 CHF",
  "breadcrumb": "Sortiment > Sortiment > San Clemente Mineralwasser",
  "pdp_url": "https://sortiment.lidl.ch/de/san-clemente-mineralwasser-0006165",
  "product_description": "Artikelnr.: 6165",
  "producthierarchy_level1": "Sortiment",
  "producthierarchy_level2": "Sortiment",
  "producthierarchy_level3": "San Clemente Mineralwasser",
  "producthierarchy_level4": "",
  "producthierarchy_level5": "",
  "producthierarchy_level6": "",
  "producthierarchy_level7": "",
  "currency": "Swiss franc",
  "file_name_1": "6165_1.jpg",
  "image_url_1": "https://sortiment.lidl.ch/media/catalog/product/cache/38c728e59b3a47950872534eff8a1e63/6/1/6165_EF_PSXX.jpg",
  "file_name_2": "6165_2.jpg",
  "image_url_2": "https://sortiment.lidl.ch/media/catalog/product/cache/38c728e59b3a47950872534eff8a1e63/6/1/6165_Pack_PSXX.jpg"
},
{
  "_id": {
    "$oid": "66f3a9cad23ade1eec55ff9a"
  },
  "unique_id": "6164",
  "product_name": "San Clemente Mineralwasser",
  "brand": "San Clemente",
  "regular_price": 0.69,
  "selling_price": 0.69,
  "price_per_unit": "pro 1,5l | 1L = 0.46 CHF",
  "breadcrumb": "Sortiment > Sortiment > San Clemente Mineralwasser",
  "pdp_url": "https://sortiment.lidl.ch/de/san-clemente-mineralwasser-0006164",
  "product_description": "Artikelnr.: 6164",
  "producthierarchy_level1": "Sortiment",
  "producthierarchy_level2": "Sortiment",
  "producthierarchy_level3": "San Clemente Mineralwasser",
  "producthierarchy_level4": "",
  "producthierarchy_level5": "",
  "producthierarchy_level6": "",
  "producthierarchy_level7": "",
  "currency": "Swiss franc",
  "file_name_1": "6164_1.jpg",
  "image_url_1": "https://sortiment.lidl.ch/media/catalog/product/cache/38c728e59b3a47950872534eff8a1e63/6/1/6164_EF_PSXX.jpg",
  "file_name_2": "6164_2.jpg",
  "image_url_2": "https://sortiment.lidl.ch/media/catalog/product/cache/38c728e59b3a47950872534eff8a1e63/6/1/6164_Pack_PSXX.jpg"
},
{
  "_id": {
    "$oid": "66f3a9cbd23ade1eec55ff9b"
  },
  "unique_id": "2033",
  "product_name": "Schweizer Mineralwasser",
  "brand": "Saguaro",
  "regular_price": 0.65,
  "selling_price": 0.65,
  "price_per_unit": "pro 1,5l | 1L = 0.44 CHF",
  "breadcrumb": "Sortiment > Sortiment > Schweizer Mineralwasser",
  "pdp_url": "https://sortiment.lidl.ch/de/schweizer-mineralwasser-0002033",
  "product_description": "Artikelnr.: 2033",
  "producthierarchy_level1": "Sortiment",
  "producthierarchy_level2": "Sortiment",
  "producthierarchy_level3": "Schweizer Mineralwasser",
  "producthierarchy_level4": "",
  "producthierarchy_level5": "",
  "producthierarchy_level6": "",
  "producthierarchy_level7": "",
  "currency": "Swiss franc",
  "file_name_1": "2033_1.jpg",
  "image_url_1": "https://sortiment.lidl.ch/media/catalog/product/cache/38c728e59b3a47950872534eff8a1e63/2/0/2033_PSPX.jpg",
  "file_name_2": "2033_2.jpg",
  "image_url_2": "https://sortiment.lidl.ch/media/catalog/product/cache/38c728e59b3a47950872534eff8a1e63/2/0/2033_PSXX.jpg"
},
{
  "_id": {
    "$oid": "66f3a9ccd23ade1eec55ff9c"
  },
  "unique_id": "8",
  "product_name": "Mineralwasser",
  "brand": "Saskia",
  "regular_price": 0.3,
  "selling_price": 0.3,
  "price_per_unit": "pro 1,5l | 1L = 0.20 CHF",
  "breadcrumb": "Sortiment > Sortiment > Mineralwasser",
  "pdp_url": "https://sortiment.lidl.ch/de/mineralwasser-0000008",
  "product_description": "Artikelnr.: 8",
  "producthierarchy_level1": "Sortiment",
  "producthierarchy_level2": "Sortiment",
  "producthierarchy_level3": "Mineralwasser",
  "producthierarchy_level4": "",
  "producthierarchy_level5": "",
  "producthierarchy_level6": "",
  "producthierarchy_level7": "",
  "currency": "Swiss franc",
  "file_name_1": "8_1.jpg",
  "image_url_1": "https://sortiment.lidl.ch/media/catalog/product/cache/38c728e59b3a47950872534eff8a1e63/8/_/8_EF_PSXX.jpg",
  "file_name_2": "8_2.jpg",
  "image_url_2": "https://sortiment.lidl.ch/media/catalog/product/cache/38c728e59b3a47950872534eff8a1e63/8/_/8_Pack_PSXX.jpg"
},
{
  "_id": {
    "$oid": "66f3a9cdd23ade1eec55ff9d"
  },
  "unique_id": "2",
  "product_name": "Mineralwasser",
  "brand": "Saskia",
  "regular_price": 0.3,
  "selling_price": 0.3,
  "price_per_unit": "pro 1,5l | 1L = 0.20 CHF",
  "breadcrumb": "Sortiment > Sortiment > Mineralwasser",
  "pdp_url": "https://sortiment.lidl.ch/de/mineralwasser-0000002",
  "product_description": "Artikelnr.: 2",
  "producthierarchy_level1": "Sortiment",
  "producthierarchy_level2": "Sortiment",
  "producthierarchy_level3": "Mineralwasser",
  "producthierarchy_level4": "",
  "producthierarchy_level5": "",
  "producthierarchy_level6": "",
  "producthierarchy_level7": "",
  "currency": "Swiss franc",
  "file_name_1": "2_1.jpg",
  "image_url_1": "https://sortiment.lidl.ch/media/catalog/product/cache/38c728e59b3a47950872534eff8a1e63/2/_/2_EF_PSXX.jpg",
  "file_name_2": "2_2.jpg",
  "image_url_2": "https://sortiment.lidl.ch/media/catalog/product/cache/38c728e59b3a47950872534eff8a1e63/2/_/2_Pack_PSXX.jpg"
},
{
  "_id": {
    "$oid": "66f3a9ced23ade1eec55ff9e"
  },
  "unique_id": "1",
  "product_name": "Mineralwasser",
  "brand": "Saskia",
  "regular_price": 0.3,
  "selling_price": 0.3,
  "price_per_unit": "pro 1,5l | 1L = 0.20 CHF",
  "breadcrumb": "Sortiment > Sortiment > Mineralwasser",
  "pdp_url": "https://sortiment.lidl.ch/de/mineralwasser-0000001",
  "product_description": "Artikelnr.: 1",
  "producthierarchy_level1": "Sortiment",
  "producthierarchy_level2": "Sortiment",
  "producthierarchy_level3": "Mineralwasser",
  "producthierarchy_level4": "",
  "producthierarchy_level5": "",
  "producthierarchy_level6": "",
  "producthierarchy_level7": "",
  "currency": "Swiss franc",
  "file_name_1": "1_1.jpg",
  "image_url_1": "https://sortiment.lidl.ch/media/catalog/product/cache/38c728e59b3a47950872534eff8a1e63/1/_/1_PSXX.jpg",
  "file_name_2": "1_2.jpg",
  "image_url_2": "https://sortiment.lidl.ch/media/catalog/product/cache/38c728e59b3a47950872534eff8a1e63/1/_/1_Pack_PSXX.jpg"
},
{
  "_id": {
    "$oid": "66f3a9cfd23ade1eec55ff9f"
  },
  "unique_id": "29058",
  "product_name": "Tortilla Chips",
  "brand": "Snack Day",
  "regular_price": 1.65,
  "selling_price": 1.65,
  "price_per_unit": "pro 300g | 100g = 0.55 CHF",
  "breadcrumb": "Sortiment > Sortiment > Tortilla Chips",
  "pdp_url": "https://sortiment.lidl.ch/de/tortilla-chips-0029058",
  "product_description": "Artikelnr.: 29058",
  "producthierarchy_level1": "Sortiment",
  "producthierarchy_level2": "Sortiment",
  "producthierarchy_level3": "Tortilla Chips",
  "producthierarchy_level4": "",
  "producthierarchy_level5": "",
  "producthierarchy_level6": "",
  "producthierarchy_level7": "",
  "currency": "Swiss franc",
  "file_name_1": "29058_1.jpg",
  "image_url_1": "https://sortiment.lidl.ch/media/catalog/product/cache/38c728e59b3a47950872534eff8a1e63/2/9/29058_Barbecue_PSXX.jpg",
  "file_name_2": "29058_2.jpg",
  "image_url_2": "https://sortiment.lidl.ch/media/catalog/product/cache/38c728e59b3a47950872534eff8a1e63/2/9/29058_Salted_Neu_PSXX.jpg",
  "file_name_3": "29058_3.jpg",
  "image_url_3": "https://sortiment.lidl.ch/media/catalog/product/cache/38c728e59b3a47950872534eff8a1e63/2/9/29058_Salted_PSXX_1.jpg",
  "file_name_4": "29058_4.jpg",
  "image_url_4": "https://sortiment.lidl.ch/media/catalog/product/cache/38c728e59b3a47950872534eff8a1e63/2/9/29058_SweetChili_PSXX.jpg"
},
{
  "_id": {
    "$oid": "66f3a9d1d23ade1eec55ffa0"
  },
  "unique_id": "67918",
  "product_name": "Kartoffelsticks Paprika / Salz",
  "brand": "Snack Day",
  "regular_price": 2.49,
  "selling_price": 2.49,
  "price_per_unit": "pro 125g | 100g = 2.00 CHF",
  "breadcrumb": "Sortiment > Sortiment > Kartoffelsticks Paprika / Salz",
  "pdp_url": "https://sortiment.lidl.ch/de/kartoffelsticks-paprika-salz-0067918",
  "product_description": "Artikelnr.: 67918",
  "producthierarchy_level1": "Sortiment",
  "producthierarchy_level2": "Sortiment",
  "producthierarchy_level3": "Kartoffelsticks Paprika / Salz",
  "producthierarchy_level4": "",
  "producthierarchy_level5": "",
  "producthierarchy_level6": "",
  "producthierarchy_level7": "",
  "currency": "Swiss franc",
  "file_name_1": "67918_1.jpg",
  "image_url_1": "https://sortiment.lidl.ch/media/catalog/product/cache/38c728e59b3a47950872534eff8a1e63/6/7/67918_Paprika_PSXX.jpg",
  "file_name_2": "67918_2.jpg",
  "image_url_2": "https://sortiment.lidl.ch/media/catalog/product/cache/38c728e59b3a47950872534eff8a1e63/6/7/67918_Salz_PSXX.jpg",
  "file_name_3": "67918_3.jpg",
  "image_url_3": "https://sortiment.lidl.ch/media/catalog/product/cache/38c728e59b3a47950872534eff8a1e63/6/7/67918_s01_PSXX.jpg",
  "file_name_4": "67918_4.jpg",
  "image_url_4": "https://sortiment.lidl.ch/media/catalog/product/cache/38c728e59b3a47950872534eff8a1e63/6/7/67918_s02_PSXX.jpg"
},
{
  "_id": {
    "$oid": "66f3a9d2d23ade1eec55ffa1"
  },
  "unique_id": "28358",
  "product_name": "Teddy's Hit",
  "brand": "Snack Day",
  "regular_price": 1.65,
  "selling_price": 1.65,
  "price_per_unit": "pro 100g, 125g | 100g = 1.65, 1.32 CHF",
  "breadcrumb": "Sortiment > Sortiment > Teddy's Hit",
  "pdp_url": "https://sortiment.lidl.ch/de/teddy-s-hit-0028358",
  "product_description": "Artikelnr.: 28358",
  "producthierarchy_level1": "Sortiment",
  "producthierarchy_level2": "Sortiment",
  "producthierarchy_level3": "Teddy's Hit",
  "producthierarchy_level4": "",
  "producthierarchy_level5": "",
  "producthierarchy_level6": "",
  "producthierarchy_level7": "",
  "currency": "Swiss franc",
  "file_name_1": "28358_1.jpg",
  "image_url_1": "https://sortiment.lidl.ch/media/catalog/product/cache/38c728e59b3a47950872534eff8a1e63/2/8/28358_Ketchup_PSXX.jpg",
  "file_name_2": "28358_2.jpg",
  "image_url_2": "https://sortiment.lidl.ch/media/catalog/product/cache/38c728e59b3a47950872534eff8a1e63/2/8/28358_Original_PSXX.jpg"
},
{
  "_id": {
    "$oid": "66f3a9d3d23ade1eec55ffa2"
  },
  "unique_id": "119726",
  "product_name": "Bio Gemüsechips",
  "brand": "Snack Day",
  "regular_price": 2.99,
  "selling_price": 2.99,
  "price_per_unit": "pro 100g",
  "breadcrumb": "Sortiment > Sortiment > Bio Gemüsechips",
  "pdp_url": "https://sortiment.lidl.ch/de/bio-gemuesechips-0119726",
  "product_description": "Artikelnr.: 119726",
  "producthierarchy_level1": "Sortiment",
  "producthierarchy_level2": "Sortiment",
  "producthierarchy_level3": "Bio Gemüsechips",
  "producthierarchy_level4": "",
  "producthierarchy_level5": "",
  "producthierarchy_level6": "",
  "producthierarchy_level7": "",
  "currency": "Swiss franc",
  "file_name_1": "119726_1.jpg",
  "image_url_1": "https://sortiment.lidl.ch/media/catalog/product/cache/38c728e59b3a47950872534eff8a1e63/1/1/119726_Gemuese_PSXX.jpg",
  "file_name_2": "119726_2.jpg",
  "image_url_2": "https://sortiment.lidl.ch/media/catalog/product/cache/38c728e59b3a47950872534eff8a1e63/1/1/119726_Suesskartoffel_PSXX.jpg"
},
{
  "_id": {
    "$oid": "66f3a9d5d23ade1eec55ffa3"
  },
  "unique_id": "5004562",
  "product_name": "Vendo Pufuleti",
  "brand": "",
  "regular_price": 1.69,
  "selling_price": 1.69,
  "price_per_unit": "pro 85g | 100g = 1.99 CHF",
  "breadcrumb": "Sortiment > Sortiment > Vendo Pufuleti",
  "pdp_url": "https://sortiment.lidl.ch/de/vendo-pufuleti-5004562",
  "product_description": "Artikelnr.: 5004562",
  "producthierarchy_level1": "Sortiment",
  "producthierarchy_level2": "Sortiment",
  "producthierarchy_level3": "Vendo Pufuleti",
  "producthierarchy_level4": "",
  "producthierarchy_level5": "",
  "producthierarchy_level6": "",
  "producthierarchy_level7": "",
  "currency": "Swiss franc",
  "file_name_1": "5004562_1.jpg",
  "image_url_1": "https://sortiment.lidl.ch/media/catalog/product/cache/38c728e59b3a47950872534eff8a1e63/5/0/5004562_PSXX_4.jpg"
},
{
  "_id": {
    "$oid": "66f3a9d6d23ade1eec55ffa4"
  },
  "unique_id": "113873",
  "product_name": "Popcorn gesalzen",
  "brand": "Snack Day",
  "regular_price": 0.95,
  "selling_price": 0.95,
  "price_per_unit": "pro 100g",
  "breadcrumb": "Sortiment > Sortiment > Popcorn gesalzen",
  "pdp_url": "https://sortiment.lidl.ch/de/popcorn-gesalzen-0113873",
  "product_description": "Artikelnr.: 113873",
  "producthierarchy_level1": "Sortiment",
  "producthierarchy_level2": "Sortiment",
  "producthierarchy_level3": "Popcorn gesalzen",
  "producthierarchy_level4": "",
  "producthierarchy_level5": "",
  "producthierarchy_level6": "",
  "producthierarchy_level7": "",
  "currency": "Swiss franc",
  "file_name_1": "113873_1.jpg",
  "image_url_1": "https://sortiment.lidl.ch/media/catalog/product/cache/38c728e59b3a47950872534eff8a1e63/1/1/113873_PSXX.jpg"
},
{
  "_id": {
    "$oid": "66f3a9d7d23ade1eec55ffa5"
  },
  "unique_id": "77335",
  "product_name": "Mini Pizza Snack",
  "brand": "Snack Day",
  "regular_price": 0.99,
  "selling_price": 0.99,
  "price_per_unit": "pro 85g | 100g = 1.17 CHF",
  "breadcrumb": "Sortiment > Sortiment > Mini Pizza Snack",
  "pdp_url": "https://sortiment.lidl.ch/de/mini-pizza-snack-0077335",
  "product_description": "Artikelnr.: 77335",
  "producthierarchy_level1": "Sortiment",
  "producthierarchy_level2": "Sortiment",
  "producthierarchy_level3": "Mini Pizza Snack",
  "producthierarchy_level4": "",
  "producthierarchy_level5": "",
  "producthierarchy_level6": "",
  "producthierarchy_level7": "",
  "currency": "Swiss franc",
  "file_name_1": "77335_1.jpg",
  "image_url_1": "https://sortiment.lidl.ch/media/catalog/product/cache/38c728e59b3a47950872534eff8a1e63/7/7/77335_PSXX.jpg"
},
{
  "_id": {
    "$oid": "66f3a9d8d23ade1eec55ffa6"
  },
  "unique_id": "75027",
  "product_name": "Salzbrezeln",
  "brand": "Snack Day",
  "regular_price": 0.79,
  "selling_price": 0.79,
  "price_per_unit": "pro 250g | 100g = 0.32 CHF",
  "breadcrumb": "Sortiment > Sortiment > Salzbrezeln",
  "pdp_url": "https://sortiment.lidl.ch/de/salzbrezeln-0075027",
  "product_description": "Artikelnr.: 75027",
  "producthierarchy_level1": "Sortiment",
  "producthierarchy_level2": "Sortiment",
  "producthierarchy_level3": "Salzbrezeln",
  "producthierarchy_level4": "",
  "producthierarchy_level5": "",
  "producthierarchy_level6": "",
  "producthierarchy_level7": "",
  "currency": "Swiss franc",
  "file_name_1": "75027_1.jpg",
  "image_url_1": "https://sortiment.lidl.ch/media/catalog/product/cache/38c728e59b3a47950872534eff8a1e63/7/5/75027_PSXX.jpg"
},
{
  "_id": {
    "$oid": "66f3a9d9d23ade1eec55ffa7"
  },
  "unique_id": "70297",
  "product_name": "Chips Nature",
  "brand": "Snack Day",
  "regular_price": 2.75,
  "selling_price": 2.75,
  "price_per_unit": "pro 280g | 100g = 0.99 CHF",
  "breadcrumb": "Sortiment > Sortiment > Chips Nature",
  "pdp_url": "https://sortiment.lidl.ch/de/chips-nature-0070297",
  "product_description": "Artikelnr.: 70297",
  "producthierarchy_level1": "Sortiment",
  "producthierarchy_level2": "Sortiment",
  "producthierarchy_level3": "Chips Nature",
  "producthierarchy_level4": "",
  "producthierarchy_level5": "",
  "producthierarchy_level6": "",
  "producthierarchy_level7": "",
  "currency": "Swiss franc",
  "file_name_1": "70297_1.jpg",
  "image_url_1": "https://sortiment.lidl.ch/media/catalog/product/cache/38c728e59b3a47950872534eff8a1e63/7/0/70297_PSXX.jpg"
},
{
  "_id": {
    "$oid": "66f3a9dad23ade1eec55ffa8"
  },
  "unique_id": "70296",
  "product_name": "Chips Paprika",
  "brand": "Snack Day",
  "regular_price": 2.84,
  "selling_price": 2.84,
  "price_per_unit": "pro 280g | 100g = 1.02 CHF",
  "breadcrumb": "Sortiment > Sortiment > Chips Paprika",
  "pdp_url": "https://sortiment.lidl.ch/de/chips-paprika-0070296",
  "product_description": "Artikelnr.: 70296",
  "producthierarchy_level1": "Sortiment",
  "producthierarchy_level2": "Sortiment",
  "producthierarchy_level3": "Chips Paprika",
  "producthierarchy_level4": "",
  "producthierarchy_level5": "",
  "producthierarchy_level6": "",
  "producthierarchy_level7": "",
  "currency": "Swiss franc",
  "file_name_1": "70296_1.jpg",
  "image_url_1": "https://sortiment.lidl.ch/media/catalog/product/cache/38c728e59b3a47950872534eff8a1e63/7/0/70296_PSXX.jpg"
},
{
  "_id": {
    "$oid": "66f3a9dbd23ade1eec55ffa9"
  },
  "unique_id": "28359",
  "product_name": "Erdnussflips",
  "brand": "Snack Day",
  "regular_price": 0.99,
  "selling_price": 0.99,
  "price_per_unit": "pro 200g | 100g = 0.50 CHF",
  "breadcrumb": "Sortiment > Sortiment > Erdnussflips",
  "pdp_url": "https://sortiment.lidl.ch/de/erdnussflips-0028359",
  "product_description": "Artikelnr.: 28359",
  "producthierarchy_level1": "Sortiment",
  "producthierarchy_level2": "Sortiment",
  "producthierarchy_level3": "Erdnussflips",
  "producthierarchy_level4": "",
  "producthierarchy_level5": "",
  "producthierarchy_level6": "",
  "producthierarchy_level7": "",
  "currency": "Swiss franc",
  "file_name_1": "28359_1.jpg",
  "image_url_1": "https://sortiment.lidl.ch/media/catalog/product/cache/38c728e59b3a47950872534eff8a1e63/2/8/28359_PSXX.jpg"
},
{
  "_id": {
    "$oid": "66f3a9dcd23ade1eec55ffaa"
  },
  "unique_id": "22934",
  "product_name": "Tortilla Wraps",
  "brand": "Snack Day",
  "regular_price": 1.55,
  "selling_price": 1.55,
  "price_per_unit": "pro 370g | 100g = 0.42 CHF",
  "breadcrumb": "Sortiment > Sortiment > Tortilla Wraps",
  "pdp_url": "https://sortiment.lidl.ch/de/tortilla-wraps-0022934",
  "product_description": "Artikelnr.: 22934",
  "producthierarchy_level1": "Sortiment",
  "producthierarchy_level2": "Sortiment",
  "producthierarchy_level3": "Tortilla Wraps",
  "producthierarchy_level4": "",
  "producthierarchy_level5": "",
  "producthierarchy_level6": "",
  "producthierarchy_level7": "",
  "currency": "Swiss franc",
  "file_name_1": "22934_1.jpg",
  "image_url_1": "https://sortiment.lidl.ch/media/catalog/product/cache/38c728e59b3a47950872534eff8a1e63/2/2/22934_PSXX.jpg"
},
{
  "_id": {
    "$oid": "66f3a9ddd23ade1eec55ffab"
  },
  "unique_id": "22546",
  "product_name": "Grissini Sottili",
  "brand": "Snack Day",
  "regular_price": 1.79,
  "selling_price": 1.79,
  "price_per_unit": "pro 250g | 100g = 0.72 CHF",
  "breadcrumb": "Sortiment > Sortiment > Grissini Sottili",
  "pdp_url": "https://sortiment.lidl.ch/de/grissini-sottili-0022546",
  "product_description": "Artikelnr.: 22546",
  "producthierarchy_level1": "Sortiment",
  "producthierarchy_level2": "Sortiment",
  "producthierarchy_level3": "Grissini Sottili",
  "producthierarchy_level4": "",
  "producthierarchy_level5": "",
  "producthierarchy_level6": "",
  "producthierarchy_level7": "",
  "currency": "Swiss franc",
  "file_name_1": "22546_1.jpg",
  "image_url_1": "https://sortiment.lidl.ch/media/catalog/product/cache/38c728e59b3a47950872534eff8a1e63/2/2/22546_PSXX.jpg"
},
{
  "_id": {
    "$oid": "66f3a9ded23ade1eec55ffac"
  },
  "unique_id": "12958",
  "product_name": "Mikrowellen Popcorn",
  "brand": "Snack Day",
  "regular_price": 1.35,
  "selling_price": 1.35,
  "price_per_unit": "pro 3x100g | 100g = 0.45 CHF",
  "breadcrumb": "Sortiment > Sortiment > Mikrowellen Popcorn",
  "pdp_url": "https://sortiment.lidl.ch/de/mikrowellen-popcorn-0012958",
  "product_description": "Artikelnr.: 12958",
  "producthierarchy_level1": "Sortiment",
  "producthierarchy_level2": "Sortiment",
  "producthierarchy_level3": "Mikrowellen Popcorn",
  "producthierarchy_level4": "",
  "producthierarchy_level5": "",
  "producthierarchy_level6": "",
  "producthierarchy_level7": "",
  "currency": "Swiss franc",
  "file_name_1": "12958_1.jpg",
  "image_url_1": "https://sortiment.lidl.ch/media/catalog/product/cache/38c728e59b3a47950872534eff8a1e63/1/2/12958_PSXX.jpg"
},
{
  "_id": {
    "$oid": "66f3a9dfd23ade1eec55ffad"
  },
  "unique_id": "122343",
  "product_name": "Bio Vitalgebäck",
  "brand": "Sondey",
  "regular_price": 2.69,
  "selling_price": 2.69,
  "price_per_unit": "pro 200g | 100g = 1.35 CHF",
  "breadcrumb": "Sortiment > Sortiment > Bio Vitalgebäck",
  "pdp_url": "https://sortiment.lidl.ch/de/bio-vitalgebaeck-0122343",
  "product_description": "Artikelnr.: 122343",
  "producthierarchy_level1": "Sortiment",
  "producthierarchy_level2": "Sortiment",
  "producthierarchy_level3": "Bio Vitalgebäck",
  "producthierarchy_level4": "",
  "producthierarchy_level5": "",
  "producthierarchy_level6": "",
  "producthierarchy_level7": "",
  "currency": "Swiss franc",
  "file_name_1": "122343_1.jpg",
  "image_url_1": "https://sortiment.lidl.ch/media/catalog/product/cache/38c728e59b3a47950872534eff8a1e63/1/2/122343_Cashew_PSXX_1.jpg",
  "file_name_2": "122343_2.jpg",
  "image_url_2": "https://sortiment.lidl.ch/media/catalog/product/cache/38c728e59b3a47950872534eff8a1e63/1/2/122343_Korinthen_PSXX_1.jpg",
  "file_name_3": "122343_3.jpg",
  "image_url_3": "https://sortiment.lidl.ch/media/catalog/product/cache/38c728e59b3a47950872534eff8a1e63/1/2/122343_Sonnenblumenkerne_PSXX.jpg"
},
{
  "_id": {
    "$oid": "66f3a9e0d23ade1eec55ffae"
  },
  "unique_id": "94327",
  "product_name": "Cookies Grandino",
  "brand": "Sondey",
  "regular_price": 1.95,
  "selling_price": 1.95,
  "price_per_unit": "pro 200g | 100g = 0.98 CHF",
  "breadcrumb": "Sortiment > Sortiment > Cookies Grandino",
  "pdp_url": "https://sortiment.lidl.ch/de/cookies-grandino-0094327",
  "product_description": "Artikelnr.: 94327",
  "producthierarchy_level1": "Sortiment",
  "producthierarchy_level2": "Sortiment",
  "producthierarchy_level3": "Cookies Grandino",
  "producthierarchy_level4": "",
  "producthierarchy_level5": "",
  "producthierarchy_level6": "",
  "producthierarchy_level7": "",
  "currency": "Swiss franc",
  "file_name_1": "94327_1.jpg",
  "image_url_1": "https://sortiment.lidl.ch/media/catalog/product/cache/38c728e59b3a47950872534eff8a1e63/9/4/94327_Apple_PSXX_1.jpg",
  "file_name_2": "94327_2.jpg",
  "image_url_2": "https://sortiment.lidl.ch/media/catalog/product/cache/38c728e59b3a47950872534eff8a1e63/9/4/94327_Choco_PSXX_1.jpg",
  "file_name_3": "94327_3.jpg",
  "image_url_3": "https://sortiment.lidl.ch/media/catalog/product/cache/38c728e59b3a47950872534eff8a1e63/9/4/94327_Cranberry_PSXX.jpg",
  "file_name_4": "94327_4.jpg",
  "image_url_4": "https://sortiment.lidl.ch/media/catalog/product/cache/38c728e59b3a47950872534eff8a1e63/9/4/94327_Hazelnut_PSXX_1.jpg",
  "file_name_5": "94327_5.jpg",
  "image_url_5": "https://sortiment.lidl.ch/media/catalog/product/cache/38c728e59b3a47950872534eff8a1e63/9/4/94327_Oats_PSXX_1.jpg",
  "file_name_6": "94327_6.jpg",
  "image_url_6": "https://sortiment.lidl.ch/media/catalog/product/cache/38c728e59b3a47950872534eff8a1e63/9/4/94327_tripleChocolate_PSXX.jpg"
},
{
  "_id": {
    "$oid": "66f3a9e1d23ade1eec55ffaf"
  },
  "unique_id": "39284",
  "product_name": "Waffel-/ Gebäckmischung",
  "brand": "Sondey",
  "regular_price": 1.99,
  "selling_price": 1.99,
  "price_per_unit": "pro 400g, 500g | 100g = 0.50, 0.40 CHF",
  "breadcrumb": "Sortiment > Sortiment > Waffel-/ Gebäckmischung",
  "pdp_url": "https://sortiment.lidl.ch/de/waffel-gebaeckmischung-0039284",
  "product_description": "Artikelnr.: 39284",
  "producthierarchy_level1": "Sortiment",
  "producthierarchy_level2": "Sortiment",
  "producthierarchy_level3": "Waffel-/ Gebäckmischung",
  "producthierarchy_level4": "",
  "producthierarchy_level5": "",
  "producthierarchy_level6": "",
  "producthierarchy_level7": "",
  "currency": "Swiss franc",
  "file_name_1": "39284_1.jpg",
  "image_url_1": "https://sortiment.lidl.ch/media/catalog/product/cache/38c728e59b3a47950872534eff8a1e63/3/9/39284_BisquitAssortiert_PSXX.jpg",
  "file_name_2": "39284_2.jpg",
  "image_url_2": "https://sortiment.lidl.ch/media/catalog/product/cache/38c728e59b3a47950872534eff8a1e63/3/9/39284_Gebaeck_PSXX.jpg",
  "file_name_3": "39284_3.jpg",
  "image_url_3": "https://sortiment.lidl.ch/media/catalog/product/cache/38c728e59b3a47950872534eff8a1e63/3/9/39284_WaferAssortiert_PSXX.jpg",
  "file_name_4": "39284_4.jpg",
  "image_url_4": "https://sortiment.lidl.ch/media/catalog/product/cache/38c728e59b3a47950872534eff8a1e63/3/9/39284_Waffel_PSXX.jpg"
},
{
  "_id": {
    "$oid": "66f3a9e3d23ade1eec55ffb0"
  },
  "unique_id": "25555",
  "product_name": "Barquette",
  "brand": "Sondey",
  "regular_price": 1.99,
  "selling_price": 1.99,
  "price_per_unit": "pro 120g | 100g = 1.66 CHF",
  "breadcrumb": "Sortiment > Sortiment > Barquette",
  "pdp_url": "https://sortiment.lidl.ch/de/barquette-0025555",
  "product_description": "Artikelnr.: 25555",
  "producthierarchy_level1": "Sortiment",
  "producthierarchy_level2": "Sortiment",
  "producthierarchy_level3": "Barquette",
  "producthierarchy_level4": "",
  "producthierarchy_level5": "",
  "producthierarchy_level6": "",
  "producthierarchy_level7": "",
  "currency": "Swiss franc",
  "file_name_1": "25555_1.jpg",
  "image_url_1": "https://sortiment.lidl.ch/media/catalog/product/cache/38c728e59b3a47950872534eff8a1e63/2/5/25555_Aprikose_PSXX.jpg",
  "file_name_2": "25555_2.jpg",
  "image_url_2": "https://sortiment.lidl.ch/media/catalog/product/cache/38c728e59b3a47950872534eff8a1e63/2/5/25555_Erdbeer_PSXX.jpg"
},
{
  "_id": {
    "$oid": "66f3a9e4d23ade1eec55ffb1"
  },
  "unique_id": "18668",
  "product_name": "Biscuits",
  "brand": "Sondey",
  "regular_price": 1.99,
  "selling_price": 1.99,
  "price_per_unit": "pro 300g | 100g = 0.67 CHF",
  "breadcrumb": "Sortiment > Sortiment > Biscuits",
  "pdp_url": "https://sortiment.lidl.ch/de/biscuits-0018668",
  "product_description": "Artikelnr.: 18668",
  "producthierarchy_level1": "Sortiment",
  "producthierarchy_level2": "Sortiment",
  "producthierarchy_level3": "Biscuits",
  "producthierarchy_level4": "",
  "producthierarchy_level5": "",
  "producthierarchy_level6": "",
  "producthierarchy_level7": "",
  "currency": "Swiss franc",
  "file_name_1": "18668_1.jpg",
  "image_url_1": "https://sortiment.lidl.ch/media/catalog/product/cache/38c728e59b3a47950872534eff8a1e63/1/8/18668_Himbeer_PSXX_1.jpg",
  "file_name_2": "18668_2.jpg",
  "image_url_2": "https://sortiment.lidl.ch/media/catalog/product/cache/38c728e59b3a47950872534eff8a1e63/1/8/18668_Himbeer_PSXX_ALT.jpg",
  "file_name_3": "18668_3.jpg",
  "image_url_3": "https://sortiment.lidl.ch/media/catalog/product/cache/38c728e59b3a47950872534eff8a1e63/1/8/18668_Orange_PSXX_1.jpg",
  "file_name_4": "18668_4.jpg",
  "image_url_4": "https://sortiment.lidl.ch/media/catalog/product/cache/38c728e59b3a47950872534eff8a1e63/1/8/18668_Orange_PSXX_ALT.jpg"
},
{
  "_id": {
    "$oid": "66f3a9e5d23ade1eec55ffb2"
  },
  "unique_id": "12903",
  "product_name": "Petit Beurre",
  "brand": "Sondey",
  "regular_price": 1.75,
  "selling_price": 1.75,
  "price_per_unit": "pro 2x200g | 100g = 0.44 CHF",
  "breadcrumb": "Sortiment > Sortiment > Petit Beurre",
  "pdp_url": "https://sortiment.lidl.ch/de/petit-beurre-0012903",
  "product_description": "Artikelnr.: 12903",
  "producthierarchy_level1": "Sortiment",
  "producthierarchy_level2": "Sortiment",
  "producthierarchy_level3": "Petit Beurre",
  "producthierarchy_level4": "",
  "producthierarchy_level5": "",
  "producthierarchy_level6": "",
  "producthierarchy_level7": "",
  "currency": "Swiss franc",
  "file_name_1": "12903_1.jpg",
  "image_url_1": "https://sortiment.lidl.ch/media/catalog/product/cache/38c728e59b3a47950872534eff8a1e63/1/2/12903_Classic_PSXX.jpg",
  "file_name_2": "12903_2.jpg",
  "image_url_2": "https://sortiment.lidl.ch/media/catalog/product/cache/38c728e59b3a47950872534eff8a1e63/1/2/12903_Grain_PSXX.jpg"
},
{
  "_id": {
    "$oid": "66f3a9e6d23ade1eec55ffb3"
  },
  "unique_id": "5106083",
  "product_name": "Wernli Jura Waffel / Chocoly Original",
  "brand": "Wernli",
  "regular_price": 3.69,
  "selling_price": 3.69,
  "price_per_unit": "pro 250g | 100g = 1.48 CHF",
  "breadcrumb": "Sortiment > Sortiment > Wernli Jura Waffel / Chocoly Original",
  "pdp_url": "https://sortiment.lidl.ch/de/wernli-jura-waffel-chocoly-original-5106083",
  "product_description": "Artikelnr.: 5106083",
  "producthierarchy_level1": "Sortiment",
  "producthierarchy_level2": "Sortiment",
  "producthierarchy_level3": "Wernli Jura Waffel / Chocoly Original",
  "producthierarchy_level4": "",
  "producthierarchy_level5": "",
  "producthierarchy_level6": "",
  "producthierarchy_level7": "",
  "currency": "Swiss franc",
  "file_name_1": "5106083_1.jpg",
  "image_url_1": "https://sortiment.lidl.ch/media/catalog/product/cache/38c728e59b3a47950872534eff8a1e63/5/1/5106083_PSXX.jpg"
},
{
  "_id": {
    "$oid": "66f3a9e8d23ade1eec55ffb4"
  },
  "unique_id": "63524",
  "product_name": "Cuoricini, Delizie",
  "brand": "Sondey",
  "regular_price": 2.49,
  "selling_price": 2.49,
  "price_per_unit": "pro 225g | 100g = 1.11 CHF",
  "breadcrumb": "Sortiment > Sortiment > Cuoricini, Delizie",
  "pdp_url": "https://sortiment.lidl.ch/de/cuoricini-delizie-0063524",
  "product_description": "Artikelnr.: 63524",
  "producthierarchy_level1": "Sortiment",
  "producthierarchy_level2": "Sortiment",
  "producthierarchy_level3": "Cuoricini, Delizie",
  "producthierarchy_level4": "",
  "producthierarchy_level5": "",
  "producthierarchy_level6": "",
  "producthierarchy_level7": "",
  "currency": "Swiss franc",
  "file_name_1": "63524_1.jpg",
  "image_url_1": "https://sortiment.lidl.ch/media/catalog/product/cache/38c728e59b3a47950872534eff8a1e63/6/3/63524_Cuoricini_PSXX.jpg",
  "file_name_2": "63524_2.jpg",
  "image_url_2": "https://sortiment.lidl.ch/media/catalog/product/cache/38c728e59b3a47950872534eff8a1e63/6/3/63524_Delizie_PSXX.jpg"
},
{
  "_id": {
    "$oid": "66f3a9ead23ade1eec55ffb5"
  },
  "unique_id": "2675",
  "product_name": "Ferrero Hanuta",
  "brand": "Ferrero",
  "regular_price": 3.79,
  "selling_price": 3.79,
  "price_per_unit": "pro 220g | 100g = 1.73 CHF",
  "breadcrumb": "Sortiment > Sortiment > Ferrero Hanuta",
  "pdp_url": "https://sortiment.lidl.ch/de/ferrero-hanuta-0002675",
  "product_description": "Artikelnr.: 2675",
  "producthierarchy_level1": "Sortiment",
  "producthierarchy_level2": "Sortiment",
  "producthierarchy_level3": "Ferrero Hanuta",
  "producthierarchy_level4": "",
  "producthierarchy_level5": "",
  "producthierarchy_level6": "",
  "producthierarchy_level7": "",
  "currency": "Swiss franc",
  "file_name_1": "2675_1.jpg",
  "image_url_1": "https://sortiment.lidl.ch/media/catalog/product/cache/38c728e59b3a47950872534eff8a1e63/2/6/2675_PSXX.jpg"
},
{
  "_id": {
    "$oid": "66f3a9ebd23ade1eec55ffb6"
  },
  "unique_id": "12897",
  "product_name": "Sandwich Biscuits",
  "brand": "Sondey",
  "regular_price": 1.69,
  "selling_price": 1.69,
  "price_per_unit": "pro 500g | 100g = 0.34 CHF",
  "breadcrumb": "Sortiment > Sortiment > Sandwich Biscuits",
  "pdp_url": "https://sortiment.lidl.ch/de/sandwich-biscuits-0012897",
  "product_description": "Artikelnr.: 12897",
  "producthierarchy_level1": "Sortiment",
  "producthierarchy_level2": "Sortiment",
  "producthierarchy_level3": "Sandwich Biscuits",
  "producthierarchy_level4": "",
  "producthierarchy_level5": "",
  "producthierarchy_level6": "",
  "producthierarchy_level7": "",
  "currency": "Swiss franc",
  "file_name_1": "12897_1.jpg",
  "image_url_1": "https://sortiment.lidl.ch/media/catalog/product/cache/38c728e59b3a47950872534eff8a1e63/1/2/12897_PSXX.jpg"
},
{
  "_id": {
    "$oid": "66f3a9ecd23ade1eec55ffb7"
  },
  "unique_id": "5103662",
  "product_name": "Wernli Butterherzli / Choco Petit Beurre",
  "brand": "Wernli",
  "regular_price": 3.69,
  "selling_price": 3.69,
  "price_per_unit": "pro 100g, 125g | 100g = 3.69, 2.96 CHF",
  "breadcrumb": "Sortiment > Sortiment > Wernli Butterherzli / Choco Petit Beurre",
  "pdp_url": "https://sortiment.lidl.ch/de/wernli-butterherzli-choco-petit-beurre-5103662",
  "product_description": "Artikelnr.: 5103662",
  "producthierarchy_level1": "Sortiment",
  "producthierarchy_level2": "Sortiment",
  "producthierarchy_level3": "Wernli Butterherzli / Choco Petit Beurre",
  "producthierarchy_level4": "",
  "producthierarchy_level5": "",
  "producthierarchy_level6": "",
  "producthierarchy_level7": "",
  "currency": "Swiss franc",
  "file_name_1": "5103662_1.jpg",
  "image_url_1": "https://sortiment.lidl.ch/media/catalog/product/cache/38c728e59b3a47950872534eff8a1e63/5/1/5103662_Butterherz_PSXX.jpg",
  "file_name_2": "5103662_2.jpg",
  "image_url_2": "https://sortiment.lidl.ch/media/catalog/product/cache/38c728e59b3a47950872534eff8a1e63/5/1/5103662_Petitbeurre_PSXX.jpg"
},
{
  "_id": {
    "$oid": "66f3a9edd23ade1eec55ffb8"
  },
  "unique_id": "26237",
  "product_name": "Löffelbiscuits",
  "brand": "Sondey",
  "regular_price": 1.95,
  "selling_price": 1.95,
  "price_per_unit": "pro 400g | 100g = 0.49 CHF",
  "breadcrumb": "Sortiment > Sortiment > Löffelbiscuits",
  "pdp_url": "https://sortiment.lidl.ch/de/loeffelbiscuits-0026237",
  "product_description": "Artikelnr.: 26237",
  "producthierarchy_level1": "Sortiment",
  "producthierarchy_level2": "Sortiment",
  "producthierarchy_level3": "Löffelbiscuits",
  "producthierarchy_level4": "",
  "producthierarchy_level5": "",
  "producthierarchy_level6": "",
  "producthierarchy_level7": "",
  "currency": "Swiss franc",
  "file_name_1": "26237_1.jpg",
  "image_url_1": "https://sortiment.lidl.ch/media/amasty/amoptmobile/catalog/product/cache/38c728e59b3a47950872534eff8a1e63/2/6/26237_PSXX.jpg"
},
{
  "_id": {
    "$oid": "66f3a9efd23ade1eec55ffb9"
  },
  "unique_id": "22661",
  "product_name": "Wiener Kringel",
  "brand": "Sondey",
  "regular_price": 1.59,
  "selling_price": 1.59,
  "price_per_unit": "pro 400g | 100g = 0.40 CHF",
  "breadcrumb": "Sortiment > Sortiment > Wiener Kringel",
  "pdp_url": "https://sortiment.lidl.ch/de/wiener-kringel-0022661",
  "product_description": "Artikelnr.: 22661",
  "producthierarchy_level1": "Sortiment",
  "producthierarchy_level2": "Sortiment",
  "producthierarchy_level3": "Wiener Kringel",
  "producthierarchy_level4": "",
  "producthierarchy_level5": "",
  "producthierarchy_level6": "",
  "producthierarchy_level7": "",
  "currency": "Swiss franc",
  "file_name_1": "22661_1.jpg",
  "image_url_1": "https://sortiment.lidl.ch/media/catalog/product/cache/38c728e59b3a47950872534eff8a1e63/2/2/22661_PSXX.jpg"
},
{
  "_id": {
    "$oid": "66f3a9f0d23ade1eec55ffba"
  },
  "unique_id": "21969",
  "product_name": "Cantuccini",
  "brand": "Sondey",
  "regular_price": 2.99,
  "selling_price": 2.99,
  "price_per_unit": "pro 300g | 100g = 1.00 CHF",
  "breadcrumb": "Sortiment > Sortiment > Cantuccini",
  "pdp_url": "https://sortiment.lidl.ch/de/cantuccini-0021969",
  "product_description": "Artikelnr.: 21969",
  "producthierarchy_level1": "Sortiment",
  "producthierarchy_level2": "Sortiment",
  "producthierarchy_level3": "Cantuccini",
  "producthierarchy_level4": "",
  "producthierarchy_level5": "",
  "producthierarchy_level6": "",
  "producthierarchy_level7": "",
  "currency": "Swiss franc",
  "file_name_1": "21969_1.jpg",
  "image_url_1": "https://sortiment.lidl.ch/media/catalog/product/cache/38c728e59b3a47950872534eff8a1e63/2/1/21969_Mandel_PSXX_1.jpg",
  "file_name_2": "21969_2.jpg",
  "image_url_2": "https://sortiment.lidl.ch/media/catalog/product/cache/38c728e59b3a47950872534eff8a1e63/2/1/21969_Schokolade_PSXX_1.jpg"
},
{
  "_id": {
    "$oid": "66f3a9f2d23ade1eec55ffbb"
  },
  "unique_id": "13076",
  "product_name": "Milch-Haselnuss Schnitte",
  "brand": "Sondey",
  "regular_price": 2.49,
  "selling_price": 2.49,
  "price_per_unit": "pro 250g | 100g = 1.00 CHF",
  "breadcrumb": "Sortiment > Sortiment > Milch-Haselnuss Schnitte",
  "pdp_url": "https://sortiment.lidl.ch/de/milch-haselnuss-schnitte-0013076",
  "product_description": "Artikelnr.: 13076",
  "producthierarchy_level1": "Sortiment",
  "producthierarchy_level2": "Sortiment",
  "producthierarchy_level3": "Milch-Haselnuss Schnitte",
  "producthierarchy_level4": "",
  "producthierarchy_level5": "",
  "producthierarchy_level6": "",
  "producthierarchy_level7": "",
  "currency": "Swiss franc",
  "file_name_1": "13076_1.jpg",
  "image_url_1": "https://sortiment.lidl.ch/media/catalog/product/cache/38c728e59b3a47950872534eff8a1e63/1/3/13076_PSXX.jpg"
},
{
  "_id": {
    "$oid": "66f3a9f3d23ade1eec55ffbc"
  },
  "unique_id": "12895",
  "product_name": "Cookies",
  "brand": "Sondey",
  "regular_price": 1.49,
  "selling_price": 1.49,
  "price_per_unit": "pro 225g | 100g = 0.67 CHF",
  "breadcrumb": "Sortiment > Sortiment > Cookies",
  "pdp_url": "https://sortiment.lidl.ch/de/cookies-0012895",
  "product_description": "Artikelnr.: 12895",
  "producthierarchy_level1": "Sortiment",
  "producthierarchy_level2": "Sortiment",
  "producthierarchy_level3": "Cookies",
  "producthierarchy_level4": "",
  "producthierarchy_level5": "",
  "producthierarchy_level6": "",
  "producthierarchy_level7": "",
  "currency": "Swiss franc",
  "file_name_1": "12895_1.jpg",
  "image_url_1": "https://sortiment.lidl.ch/media/catalog/product/cache/38c728e59b3a47950872534eff8a1e63/1/2/12895_PSXX.jpg"
},
{
  "_id": {
    "$oid": "66f3a9f4d23ade1eec55ffbd"
  },
  "unique_id": "12970",
  "product_name": "Pekannusskerne",
  "brand": "Alesto Selection",
  "regular_price": 4.39,
  "selling_price": 4.39,
  "price_per_unit": "pro 200g | 100g = 2.20 CHF",
  "breadcrumb": "Sortiment > Sortiment > Pekannusskerne",
  "pdp_url": "https://sortiment.lidl.ch/de/pekannusskerne-0012970",
  "product_description": "Artikelnr.: 12970",
  "producthierarchy_level1": "Sortiment",
  "producthierarchy_level2": "Sortiment",
  "producthierarchy_level3": "Pekannusskerne",
  "producthierarchy_level4": "",
  "producthierarchy_level5": "",
  "producthierarchy_level6": "",
  "producthierarchy_level7": "",
  "currency": "Swiss franc",
  "file_name_1": "12970_1.jpg",
  "image_url_1": "https://sortiment.lidl.ch/media/amasty/amoptmobile/catalog/product/cache/38c728e59b3a47950872534eff8a1e63/1/2/12970_PSXX.jpg"
},
{
  "_id": {
    "$oid": "66f3a9f5d23ade1eec55ffbe"
  },
  "unique_id": "130737",
  "product_name": "Mandeln",
  "brand": "Alesto",
  "regular_price": 2.25,
  "selling_price": 2.25,
  "price_per_unit": "pro 150g | 100g = 1.50 CHF",
  "breadcrumb": "Sortiment > Sortiment > Mandeln",
  "pdp_url": "https://sortiment.lidl.ch/de/mandeln-0130737",
  "product_description": "Artikelnr.: 130737",
  "producthierarchy_level1": "Sortiment",
  "producthierarchy_level2": "Sortiment",
  "producthierarchy_level3": "Mandeln",
  "producthierarchy_level4": "",
  "producthierarchy_level5": "",
  "producthierarchy_level6": "",
  "producthierarchy_level7": "",
  "currency": "Swiss franc",
  "file_name_1": "130737_1.jpg",
  "image_url_1": "https://sortiment.lidl.ch/media/catalog/product/cache/38c728e59b3a47950872534eff8a1e63/1/3/130737_PSXX.jpg",
  "file_name_2": "130737_2.jpg",
  "image_url_2": "https://sortiment.lidl.ch/media/catalog/product/cache/38c728e59b3a47950872534eff8a1e63/1/3/130737_SmokeyBBQ_PSXX.jpg"
},
{
  "_id": {
    "$oid": "66f3a9f6d23ade1eec55ffbf"
  },
  "unique_id": "31303",
  "product_name": "Salatkerne Mix",
  "brand": "Alesto",
  "regular_price": 1.99,
  "selling_price": 1.99,
  "price_per_unit": "pro 175g | 100g = 1.14 CHF",
  "breadcrumb": "Sortiment > Sortiment > Salatkerne Mix",
  "pdp_url": "https://sortiment.lidl.ch/de/salatkerne-mix-0031303",
  "product_description": "Artikelnr.: 31303",
  "producthierarchy_level1": "Sortiment",
  "producthierarchy_level2": "Sortiment",
  "producthierarchy_level3": "Salatkerne Mix",
  "producthierarchy_level4": "",
  "producthierarchy_level5": "",
  "producthierarchy_level6": "",
  "producthierarchy_level7": "",
  "currency": "Swiss franc",
  "file_name_1": "31303_1.jpg",
  "image_url_1": "https://sortiment.lidl.ch/media/catalog/product/cache/38c728e59b3a47950872534eff8a1e63/3/1/31303_KerneFruechte_PSXX.jpg",
  "file_name_2": "31303_2.jpg",
  "image_url_2": "https://sortiment.lidl.ch/media/catalog/product/cache/38c728e59b3a47950872534eff8a1e63/3/1/31303_SalatMix_PSXX.jpg",
  "file_name_3": "31303_3.jpg",
  "image_url_3": "https://sortiment.lidl.ch/media/catalog/product/cache/38c728e59b3a47950872534eff8a1e63/3/1/31303_Salatkernen_PSXX.jpg"
},
{
  "_id": {
    "$oid": "66f3a9f8d23ade1eec55ffc0"
  },
  "unique_id": "29819",
  "product_name": "Studentenfutter",
  "brand": "Alesto",
  "regular_price": 1.49,
  "selling_price": 1.49,
  "price_per_unit": "pro 200g | 100g = 0.75 CHF",
  "breadcrumb": "Sortiment > Sortiment > Studentenfutter",
  "pdp_url": "https://sortiment.lidl.ch/de/studentenfutter-0029819",
  "product_description": "Artikelnr.: 29819",
  "producthierarchy_level1": "Sortiment",
  "producthierarchy_level2": "Sortiment",
  "producthierarchy_level3": "Studentenfutter",
  "producthierarchy_level4": "",
  "producthierarchy_level5": "",
  "producthierarchy_level6": "",
  "producthierarchy_level7": "",
  "currency": "Swiss franc",
  "file_name_1": "29819_1.jpg",
  "image_url_1": "https://sortiment.lidl.ch/media/catalog/product/cache/38c728e59b3a47950872534eff8a1e63/2/9/29819_Classic_PSXX.jpg",
  "file_name_2": "29819_2.jpg",
  "image_url_2": "https://sortiment.lidl.ch/media/catalog/product/cache/38c728e59b3a47950872534eff8a1e63/2/9/29819_Exotic_PSXX.jpg"
},
{
  "_id": {
    "$oid": "66f3a9f9d23ade1eec55ffc1"
  },
  "unique_id": "28489",
  "product_name": "Mandeln gemahlen blanchiert",
  "brand": "Belbake",
  "regular_price": 3.79,
  "selling_price": 3.79,
  "price_per_unit": "pro 200g | 100g = 1.90 CHF",
  "breadcrumb": "Sortiment > Sortiment > Mandeln gemahlen blanchiert",
  "pdp_url": "https://sortiment.lidl.ch/de/mandeln-gemahlen-blanchiert-0028489",
  "product_description": "Artikelnr.: 28489",
  "producthierarchy_level1": "Sortiment",
  "producthierarchy_level2": "Sortiment",
  "producthierarchy_level3": "Mandeln gemahlen blanchiert",
  "producthierarchy_level4": "",
  "producthierarchy_level5": "",
  "producthierarchy_level6": "",
  "producthierarchy_level7": "",
  "currency": "Swiss franc",
  "file_name_1": "28489_1.jpg",
  "image_url_1": "https://sortiment.lidl.ch/media/catalog/product/cache/38c728e59b3a47950872534eff8a1e63/2/8/28489_PSXX.jpg"
},
{
  "_id": {
    "$oid": "66f3a9fad23ade1eec55ffc2"
  },
  "unique_id": "22808",
  "product_name": "Cruspies",
  "brand": "Alesto",
  "regular_price": 1.19,
  "selling_price": 1.19,
  "price_per_unit": "pro 200g | 100g = 0.60 CHF",
  "breadcrumb": "Sortiment > Sortiment > Cruspies",
  "pdp_url": "https://sortiment.lidl.ch/de/cruspies-0022808",
  "product_description": "Artikelnr.: 22808",
  "producthierarchy_level1": "Sortiment",
  "producthierarchy_level2": "Sortiment",
  "producthierarchy_level3": "Cruspies",
  "producthierarchy_level4": "",
  "producthierarchy_level5": "",
  "producthierarchy_level6": "",
  "producthierarchy_level7": "",
  "currency": "Swiss franc",
  "file_name_1": "22808_1.jpg",
  "image_url_1": "https://sortiment.lidl.ch/media/catalog/product/cache/38c728e59b3a47950872534eff8a1e63/2/2/22808_BBQ_PSXX.jpg",
  "file_name_2": "22808_2.jpg",
  "image_url_2": "https://sortiment.lidl.ch/media/catalog/product/cache/38c728e59b3a47950872534eff8a1e63/2/2/22808_Chili_PSXX.jpg",
  "file_name_3": "22808_3.jpg",
  "image_url_3": "https://sortiment.lidl.ch/media/catalog/product/cache/38c728e59b3a47950872534eff8a1e63/2/2/22808_Paprika_PSXX.jpg",
  "file_name_4": "22808_4.jpg",
  "image_url_4": "https://sortiment.lidl.ch/media/catalog/product/cache/38c728e59b3a47950872534eff8a1e63/2/2/22808_Wasabi_PSXX.jpg"
},
{
  "_id": {
    "$oid": "66f3a9fbd23ade1eec55ffc3"
  },
  "unique_id": "6602656",
  "product_name": "Cranberry-Nuss-Mix Nuss-Frucht-Mix",
  "brand": "Alesto",
  "regular_price": 2.99,
  "selling_price": 2.99,
  "price_per_unit": "pro 200g | 100g = 1.50 CHF",
  "breadcrumb": "Sortiment > Sortiment > Cranberry-Nuss-Mix Nuss-Frucht-Mix",
  "pdp_url": "https://sortiment.lidl.ch/de/cranberry-nuss-mix-nuss-frucht-mix-6602656",
  "product_description": "Artikelnr.: 6602656",
  "producthierarchy_level1": "Sortiment",
  "producthierarchy_level2": "Sortiment",
  "producthierarchy_level3": "Cranberry-Nuss-Mix Nuss-Frucht-Mix",
  "producthierarchy_level4": "",
  "producthierarchy_level5": "",
  "producthierarchy_level6": "",
  "producthierarchy_level7": "",
  "currency": "Swiss franc",
  "file_name_1": "6602656_1.jpg",
  "image_url_1": "https://sortiment.lidl.ch/media/catalog/product/cache/38c728e59b3a47950872534eff8a1e63/6/6/6602656_Cranberry_PSXX_3.jpg",
  "file_name_2": "6602656_2.jpg",
  "image_url_2": "https://sortiment.lidl.ch/media/catalog/product/cache/38c728e59b3a47950872534eff8a1e63/6/6/6602656_NussFrucht_PSXX.jpg",
  "file_name_3": "6602656_3.jpg",
  "image_url_3": "https://sortiment.lidl.ch/media/catalog/product/cache/38c728e59b3a47950872534eff8a1e63/6/6/6602656_NutsFruits_PSXX_3.jpg"
},
{
  "_id": {
    "$oid": "66f3a9fdd23ade1eec55ffc4"
  },
  "unique_id": "131631",
  "product_name": "Roasties-Erdnuss-Mais-Mix",
  "brand": "Alesto",
  "regular_price": 1.95,
  "selling_price": 1.95,
  "price_per_unit": "pro 150g | 100g = 1.30 CHF",
  "breadcrumb": "Sortiment > Sortiment > Roasties-Erdnuss-Mais-Mix",
  "pdp_url": "https://sortiment.lidl.ch/de/roasties-erdnuss-mais-mix-0131631",
  "product_description": "Artikelnr.: 131631",
  "producthierarchy_level1": "Sortiment",
  "producthierarchy_level2": "Sortiment",
  "producthierarchy_level3": "Roasties-Erdnuss-Mais-Mix",
  "producthierarchy_level4": "",
  "producthierarchy_level5": "",
  "producthierarchy_level6": "",
  "producthierarchy_level7": "",
  "currency": "Swiss franc",
  "file_name_1": "131631_1.jpg",
  "image_url_1": "https://sortiment.lidl.ch/media/catalog/product/cache/38c728e59b3a47950872534eff8a1e63/1/3/131631_Erdnuss-Mais_PSXX_1.jpg",
  "file_name_2": "131631_2.jpg",
  "image_url_2": "https://sortiment.lidl.ch/media/catalog/product/cache/38c728e59b3a47950872534eff8a1e63/1/3/131631_Roasties_PSXX_1.jpg"
},
{
  "_id": {
    "$oid": "66f3a9fed23ade1eec55ffc5"
  },
  "unique_id": "123652",
  "product_name": "Kalifornische Mandeln",
  "brand": "Alesto Selection",
  "regular_price": 2.95,
  "selling_price": 2.95,
  "price_per_unit": "pro 200g | 100g = 1.48 CHF",
  "breadcrumb": "Sortiment > Sortiment > Kalifornische Mandeln",
  "pdp_url": "https://sortiment.lidl.ch/de/kalifornische-mandeln-0123652",
  "product_description": "Artikelnr.: 123652",
  "producthierarchy_level1": "Sortiment",
  "producthierarchy_level2": "Sortiment",
  "producthierarchy_level3": "Kalifornische Mandeln",
  "producthierarchy_level4": "",
  "producthierarchy_level5": "",
  "producthierarchy_level6": "",
  "producthierarchy_level7": "",
  "currency": "Swiss franc",
  "file_name_1": "123652_1.jpg",
  "image_url_1": "https://sortiment.lidl.ch/media/catalog/product/cache/38c728e59b3a47950872534eff8a1e63/1/2/123652_PSXX.jpg"
},
{
  "_id": {
    "$oid": "66f3a9ffd23ade1eec55ffc6"
  },
  "unique_id": "119732",
  "product_name": "Bio Apfelchips",
  "brand": "Alesto",
  "regular_price": 2.69,
  "selling_price": 2.69,
  "price_per_unit": "pro 80g | 100g = 3.37 CHF",
  "breadcrumb": "Sortiment > Sortiment > Bio Apfelchips",
  "pdp_url": "https://sortiment.lidl.ch/de/bio-apfelchips-0119732",
  "product_description": "Artikelnr.: 119732",
  "producthierarchy_level1": "Sortiment",
  "producthierarchy_level2": "Sortiment",
  "producthierarchy_level3": "Bio Apfelchips",
  "producthierarchy_level4": "",
  "producthierarchy_level5": "",
  "producthierarchy_level6": "",
  "producthierarchy_level7": "",
  "currency": "Swiss franc",
  "file_name_1": "119732_1.jpg",
  "image_url_1": "https://sortiment.lidl.ch/media/catalog/product/cache/38c728e59b3a47950872534eff8a1e63/1/1/119732_PSXX.jpg"
},
{
  "_id": {
    "$oid": "66f3aa00d23ade1eec55ffc7"
  },
  "unique_id": "117851",
  "product_name": "Kürbiskerne",
  "brand": "Alesto",
  "regular_price": 2.29,
  "selling_price": 2.29,
  "price_per_unit": "pro 200g | 100g = 1.15 CHF",
  "breadcrumb": "Sortiment > Sortiment > Kürbiskerne",
  "pdp_url": "https://sortiment.lidl.ch/de/kuerbiskerne-0117851",
  "product_description": "Artikelnr.: 117851",
  "producthierarchy_level1": "Sortiment",
  "producthierarchy_level2": "Sortiment",
  "producthierarchy_level3": "Kürbiskerne",
  "producthierarchy_level4": "",
  "producthierarchy_level5": "",
  "producthierarchy_level6": "",
  "producthierarchy_level7": "",
  "currency": "Swiss franc",
  "file_name_1": "117851_1.jpg",
  "image_url_1": "https://sortiment.lidl.ch/media/catalog/product/cache/38c728e59b3a47950872534eff8a1e63/1/1/117851_PSXX.jpg"
},
{
  "_id": {
    "$oid": "66f3aa01d23ade1eec55ffc8"
  },
  "unique_id": "77864",
  "product_name": "Cashewkerne",
  "brand": "Alesto",
  "regular_price": 2.25,
  "selling_price": 2.25,
  "price_per_unit": "pro 150g | 100g = 1.50 CHF",
  "breadcrumb": "Sortiment > Sortiment > Cashewkerne",
  "pdp_url": "https://sortiment.lidl.ch/de/cashewkerne-0077864",
  "product_description": "Artikelnr.: 77864",
  "producthierarchy_level1": "Sortiment",
  "producthierarchy_level2": "Sortiment",
  "producthierarchy_level3": "Cashewkerne",
  "producthierarchy_level4": "",
  "producthierarchy_level5": "",
  "producthierarchy_level6": "",
  "producthierarchy_level7": "",
  "currency": "Swiss franc",
  "file_name_1": "77864_1.jpg",
  "image_url_1": "https://sortiment.lidl.ch/media/catalog/product/cache/38c728e59b3a47950872534eff8a1e63/7/7/77864_PSXX.jpg",
  "file_name_2": "77864_2.jpg",
  "image_url_2": "https://sortiment.lidl.ch/media/catalog/product/cache/38c728e59b3a47950872534eff8a1e63/7/7/77864_geroestet_PSXX.jpg"
},
{
  "_id": {
    "$oid": "66f3aa02d23ade1eec55ffc9"
  },
  "unique_id": "65163",
  "product_name": "Cashew-Erdnuss Mix",
  "brand": "Alesto",
  "regular_price": 2.79,
  "selling_price": 2.79,
  "price_per_unit": "pro 200g | 100g = 1.40 CHF",
  "breadcrumb": "Sortiment > Sortiment > Cashew-Erdnuss Mix",
  "pdp_url": "https://sortiment.lidl.ch/de/cashew-erdnuss-mix-0065163",
  "product_description": "Artikelnr.: 65163",
  "producthierarchy_level1": "Sortiment",
  "producthierarchy_level2": "Sortiment",
  "producthierarchy_level3": "Cashew-Erdnuss Mix",
  "producthierarchy_level4": "",
  "producthierarchy_level5": "",
  "producthierarchy_level6": "",
  "producthierarchy_level7": "",
  "currency": "Swiss franc",
  "file_name_1": "65163_1.jpg",
  "image_url_1": "https://sortiment.lidl.ch/media/catalog/product/cache/38c728e59b3a47950872534eff8a1e63/6/5/65163_Chili_PSXX.jpg",
  "file_name_2": "65163_2.jpg",
  "image_url_2": "https://sortiment.lidl.ch/media/catalog/product/cache/38c728e59b3a47950872534eff8a1e63/6/5/65163_Honig_PSXX.jpg"
},
{
  "_id": {
    "$oid": "66f3aa03d23ade1eec55ffca"
  },
  "unique_id": "29814",
  "product_name": "Sultaninen",
  "brand": "Belbake",
  "regular_price": 0.99,
  "selling_price": 0.99,
  "price_per_unit": "pro 250g | 100g = 0.40 CHF",
  "breadcrumb": "Sortiment > Sortiment > Sultaninen",
  "pdp_url": "https://sortiment.lidl.ch/de/sultaninen-0029814",
  "product_description": "Artikelnr.: 29814",
  "producthierarchy_level1": "Sortiment",
  "producthierarchy_level2": "Sortiment",
  "producthierarchy_level3": "Sultaninen",
  "producthierarchy_level4": "",
  "producthierarchy_level5": "",
  "producthierarchy_level6": "",
  "producthierarchy_level7": "",
  "currency": "Swiss franc",
  "file_name_1": "29814_1.jpg",
  "image_url_1": "https://sortiment.lidl.ch/media/amasty/amoptmobile/catalog/product/cache/38c728e59b3a47950872534eff8a1e63/2/9/29814_PSXX.jpg"
},
{
  "_id": {
    "$oid": "66f3aa04d23ade1eec55ffcb"
  },
  "unique_id": "28484",
  "product_name": "Haselnusskerne gemahlen",
  "brand": "Belbake",
  "regular_price": 2.29,
  "selling_price": 2.29,
  "price_per_unit": "pro 200g | 100g = 1.15 CHF",
  "breadcrumb": "Sortiment > Sortiment > Haselnusskerne gemahlen",
  "pdp_url": "https://sortiment.lidl.ch/de/haselnusskerne-gemahlen-0028484",
  "product_description": "Artikelnr.: 28484",
  "producthierarchy_level1": "Sortiment",
  "producthierarchy_level2": "Sortiment",
  "producthierarchy_level3": "Haselnusskerne gemahlen",
  "producthierarchy_level4": "",
  "producthierarchy_level5": "",
  "producthierarchy_level6": "",
  "producthierarchy_level7": "",
  "currency": "Swiss franc",
  "file_name_1": "28484_1.jpg",
  "image_url_1": "https://sortiment.lidl.ch/media/catalog/product/cache/38c728e59b3a47950872534eff8a1e63/2/8/28484_PSXX.jpg"
},
{
  "_id": {
    "$oid": "66f3aa05d23ade1eec55ffcc"
  },
  "unique_id": "13261",
  "product_name": "Erdnüsse",
  "brand": "Alesto",
  "regular_price": 1.79,
  "selling_price": 1.79,
  "price_per_unit": "pro 500g | 100g = 0.36 CHF",
  "breadcrumb": "Sortiment > Sortiment > Erdnüsse",
  "pdp_url": "https://sortiment.lidl.ch/de/erdnuesse-0013261",
  "product_description": "Artikelnr.: 13261",
  "producthierarchy_level1": "Sortiment",
  "producthierarchy_level2": "Sortiment",
  "producthierarchy_level3": "Erdnüsse",
  "producthierarchy_level4": "",
  "producthierarchy_level5": "",
  "producthierarchy_level6": "",
  "producthierarchy_level7": "",
  "currency": "Swiss franc",
  "file_name_1": "13261_1.jpg",
  "image_url_1": "https://sortiment.lidl.ch/media/catalog/product/cache/38c728e59b3a47950872534eff8a1e63/1/3/13261_PSXX.jpg",
  "file_name_2": "13261_2.jpg",
  "image_url_2": "https://sortiment.lidl.ch/media/catalog/product/cache/38c728e59b3a47950872534eff8a1e63/1/3/13261_xxl_PSXX.jpg"
},
{
  "_id": {
    "$oid": "66f3aa06d23ade1eec55ffcd"
  },
  "unique_id": "12971",
  "product_name": "Cashewkerne",
  "brand": "Alesto Selection",
  "regular_price": 3.39,
  "selling_price": 3.39,
  "price_per_unit": "pro 200g | 100g = 1.70 CHF",
  "breadcrumb": "Sortiment > Sortiment > Cashewkerne",
  "pdp_url": "https://sortiment.lidl.ch/de/cashewkerne-0012971",
  "product_description": "Artikelnr.: 12971",
  "producthierarchy_level1": "Sortiment",
  "producthierarchy_level2": "Sortiment",
  "producthierarchy_level3": "Cashewkerne",
  "producthierarchy_level4": "",
  "producthierarchy_level5": "",
  "producthierarchy_level6": "",
  "producthierarchy_level7": "",
  "currency": "Swiss franc",
  "file_name_1": "12971_1.jpg",
  "image_url_1": "https://sortiment.lidl.ch/media/catalog/product/cache/38c728e59b3a47950872534eff8a1e63/1/2/12971_PSXX.jpg"
},
{
  "_id": {
    "$oid": "66f3aa08d23ade1eec55ffce"
  },
  "unique_id": "12969",
  "product_name": "Getrocknete Cranberries",
  "brand": "Alesto",
  "regular_price": 2.49,
  "selling_price": 2.49,
  "price_per_unit": "pro 200g | 100g = 1.25 CHF",
  "breadcrumb": "Sortiment > Sortiment > Getrocknete Cranberries",
  "pdp_url": "https://sortiment.lidl.ch/de/getrocknete-cranberries-0012969",
  "product_description": "Artikelnr.: 12969",
  "producthierarchy_level1": "Sortiment",
  "producthierarchy_level2": "Sortiment",
  "producthierarchy_level3": "Getrocknete Cranberries",
  "producthierarchy_level4": "",
  "producthierarchy_level5": "",
  "producthierarchy_level6": "",
  "producthierarchy_level7": "",
  "currency": "Swiss franc",
  "file_name_1": "12969_1.jpg",
  "image_url_1": "https://sortiment.lidl.ch/media/catalog/product/cache/38c728e59b3a47950872534eff8a1e63/1/2/12969_PSXX.jpg"
},
{
  "_id": {
    "$oid": "66f3aa09d23ade1eec55ffcf"
  },
  "unique_id": "27524",
  "product_name": "Milchschokolade",
  "brand": "Fin Carré",
  "regular_price": 1.29,
  "selling_price": 1.29,
  "price_per_unit": "pro 100g",
  "breadcrumb": "Sortiment > Sortiment > Milchschokolade",
  "pdp_url": "https://sortiment.lidl.ch/de/milchschokolade-0027524",
  "product_description": "Artikelnr.: 27524",
  "producthierarchy_level1": "Sortiment",
  "producthierarchy_level2": "Sortiment",
  "producthierarchy_level3": "Milchschokolade",
  "producthierarchy_level4": "",
  "producthierarchy_level5": "",
  "producthierarchy_level6": "",
  "producthierarchy_level7": "",
  "currency": "Swiss franc",
  "file_name_1": "27524_1.jpg",
  "image_url_1": "https://sortiment.lidl.ch/media/catalog/product/cache/38c728e59b3a47950872534eff8a1e63/2/7/27524_PSXX.jpg"
},
{
  "_id": {
    "$oid": "66f3aa0ad23ade1eec55ffd0"
  },
  "unique_id": "5206",
  "product_name": "Milka Schokoladentafeln",
  "brand": "Milka",
  "regular_price": 1.99,
  "selling_price": 1.99,
  "price_per_unit": "pro 100g, 87g | 100g = 2.29, 1.99 CHF",
  "breadcrumb": "Sortiment > Sortiment > Milka Schokoladentafeln",
  "pdp_url": "https://sortiment.lidl.ch/de/milka-schokoladentafeln-0005206",
  "product_description": "Artikelnr.: 5206",
  "producthierarchy_level1": "Sortiment",
  "producthierarchy_level2": "Sortiment",
  "producthierarchy_level3": "Milka Schokoladentafeln",
  "producthierarchy_level4": "",
  "producthierarchy_level5": "",
  "producthierarchy_level6": "",
  "producthierarchy_level7": "",
  "currency": "Swiss franc",
  "file_name_1": "5206_1.jpg",
  "image_url_1": "https://sortiment.lidl.ch/media/catalog/product/cache/38c728e59b3a47950872534eff8a1e63/5/2/5206_Alpenmilch_PSXX.jpg",
  "file_name_2": "5206_2.jpg",
  "image_url_2": "https://sortiment.lidl.ch/media/catalog/product/cache/38c728e59b3a47950872534eff8a1e63/5/2/5206_BeerenCollage_PSXX.jpg",
  "file_name_3": "5206_3.jpg",
  "image_url_3": "https://sortiment.lidl.ch/media/catalog/product/cache/38c728e59b3a47950872534eff8a1e63/5/2/5206_Caramel_PSXX.jpg",
  "file_name_4": "5206_4.jpg",
  "image_url_4": "https://sortiment.lidl.ch/media/catalog/product/cache/38c728e59b3a47950872534eff8a1e63/5/2/5206_Daim_PSXX.jpg",
  "file_name_5": "5206_5.jpg",
  "image_url_5": "https://sortiment.lidl.ch/media/catalog/product/cache/38c728e59b3a47950872534eff8a1e63/5/2/5206_Erdbeer_PSXX.jpg",
  "file_name_6": "5206_6.jpg",
  "image_url_6": "https://sortiment.lidl.ch/media/catalog/product/cache/38c728e59b3a47950872534eff8a1e63/5/2/5206_Kakaolinsen_PSXX.jpg",
  "file_name_7": "5206_7.jpg",
  "image_url_7": "https://sortiment.lidl.ch/media/catalog/product/cache/38c728e59b3a47950872534eff8a1e63/5/2/5206_KaramellCollage_PSXX.jpg",
  "file_name_8": "5206_8.jpg",
  "image_url_8": "https://sortiment.lidl.ch/media/catalog/product/cache/38c728e59b3a47950872534eff8a1e63/5/2/5206_Kuhflecken_PSXX.jpg",
  "file_name_9": "5206_9.jpg",
  "image_url_9": "https://sortiment.lidl.ch/media/catalog/product/cache/38c728e59b3a47950872534eff8a1e63/5/2/5206_LU_PSXX.jpg",
  "file_name_10": "5206_10.jpg",
  "image_url_10": "https://sortiment.lidl.ch/media/catalog/product/cache/38c728e59b3a47950872534eff8a1e63/5/2/5206_Luflee_PSXX.jpg",
  "file_name_11": "5206_11.jpg",
  "image_url_11": "https://sortiment.lidl.ch/media/catalog/product/cache/38c728e59b3a47950872534eff8a1e63/5/2/5206_Noisette_PSXX.jpg",
  "file_name_12": "5206_12.jpg",
  "image_url_12": "https://sortiment.lidl.ch/media/catalog/product/cache/38c728e59b3a47950872534eff8a1e63/5/2/5206_Oreo_PSXX.jpg",
  "file_name_13": "5206_13.jpg",
  "image_url_13": "https://sortiment.lidl.ch/media/catalog/product/cache/38c728e59b3a47950872534eff8a1e63/5/2/5206_PeanutCrisp_PSXX.jpg",
  "file_name_14": "5206_14.jpg",
  "image_url_14": "https://sortiment.lidl.ch/media/catalog/product/cache/38c728e59b3a47950872534eff8a1e63/5/2/5206_TraubenNuss_PSXX.jpg",
  "file_name_15": "5206_15.jpg",
  "image_url_15": "https://sortiment.lidl.ch/media/catalog/product/cache/38c728e59b3a47950872534eff8a1e63/5/2/5206_Tuc_PSXX.jpg",
  "file_name_16": "5206_16.jpg",
  "image_url_16": "https://sortiment.lidl.ch/media/catalog/product/cache/38c728e59b3a47950872534eff8a1e63/5/2/5206_WeisseMandelKokos_PSXX.jpg",
  "file_name_17": "5206_17.jpg",
  "image_url_17": "https://sortiment.lidl.ch/media/catalog/product/cache/38c728e59b3a47950872534eff8a1e63/5/2/5206_WeisseSchokolade_PSXX.jpg",
  "file_name_18": "5206_18.jpg",
  "image_url_18": "https://sortiment.lidl.ch/media/catalog/product/cache/38c728e59b3a47950872534eff8a1e63/5/2/5206_Zartherb_PSXX.jpg",
  "file_name_19": "5206_19.jpg",
  "image_url_19": "https://sortiment.lidl.ch/media/catalog/product/cache/38c728e59b3a47950872534eff8a1e63/5/2/5206_ganzeHaselnuss_PSXX.jpg"
},
{
  "_id": {
    "$oid": "66f3aa0bd23ade1eec55ffd1"
  },
  "unique_id": "3397",
  "product_name": "Cailler Tafelschokolade",
  "brand": "Cailler",
  "regular_price": 4.69,
  "selling_price": 4.69,
  "price_per_unit": "pro 200g | 100g = 2.35 CHF",
  "breadcrumb": "Sortiment > Sortiment > Cailler Tafelschokolade",
  "pdp_url": "https://sortiment.lidl.ch/de/cailler-tafelschokolade-0003397",
  "product_description": "Artikelnr.: 3397",
  "producthierarchy_level1": "Sortiment",
  "producthierarchy_level2": "Sortiment",
  "producthierarchy_level3": "Cailler Tafelschokolade",
  "producthierarchy_level4": "",
  "producthierarchy_level5": "",
  "producthierarchy_level6": "",
  "producthierarchy_level7": "",
  "currency": "Swiss franc",
  "file_name_1": "3397_1.jpg",
  "image_url_1": "https://sortiment.lidl.ch/media/catalog/product/cache/38c728e59b3a47950872534eff8a1e63/3/3/3397_LaitNoisettes_PSXX.jpg",
  "file_name_2": "3397_2.jpg",
  "image_url_2": "https://sortiment.lidl.ch/media/catalog/product/cache/38c728e59b3a47950872534eff8a1e63/3/3/3397_Lait_Amandes_PSXX.jpg",
  "file_name_3": "3397_3.jpg",
  "image_url_3": "https://sortiment.lidl.ch/media/catalog/product/cache/38c728e59b3a47950872534eff8a1e63/3/3/3397_NoirNoisettes_PSXX.jpg",
  "file_name_4": "3397_4.jpg",
  "image_url_4": "https://sortiment.lidl.ch/media/catalog/product/cache/38c728e59b3a47950872534eff8a1e63/3/3/3397_NoireAmandes_PSXX.jpg"
},
{
  "_id": {
    "$oid": "66f3aa0dd23ade1eec55ffd2"
  },
  "unique_id": "3396",
  "product_name": "Cailler Tafelschokolade",
  "brand": "Cailler",
  "regular_price": 2.59,
  "selling_price": 2.59,
  "price_per_unit": "pro 100g",
  "breadcrumb": "Sortiment > Sortiment > Cailler Tafelschokolade",
  "pdp_url": "https://sortiment.lidl.ch/de/cailler-tafelschokolade-0003396",
  "product_description": "Artikelnr.: 3396",
  "producthierarchy_level1": "Sortiment",
  "producthierarchy_level2": "Sortiment",
  "producthierarchy_level3": "Cailler Tafelschokolade",
  "producthierarchy_level4": "",
  "producthierarchy_level5": "",
  "producthierarchy_level6": "",
  "producthierarchy_level7": "",
  "currency": "Swiss franc",
  "file_name_1": "3396_1.jpg",
  "image_url_1": "https://sortiment.lidl.ch/media/catalog/product/cache/38c728e59b3a47950872534eff8a1e63/3/3/3396_Chocmel_PSXX.jpg",
  "file_name_2": "3396_2.jpg",
  "image_url_2": "https://sortiment.lidl.ch/media/catalog/product/cache/38c728e59b3a47950872534eff8a1e63/3/3/3396_Chocolat_Lait_Aere_PSXX_1.jpg"
},
{
  "_id": {
    "$oid": "66f3aa0ed23ade1eec55ffd3"
  },
  "unique_id": "3395",
  "product_name": "Cailler Tafelschokolade",
  "brand": "Cailler",
  "regular_price": 2.59,
  "selling_price": 2.59,
  "price_per_unit": "pro 100g",
  "breadcrumb": "Sortiment > Sortiment > Cailler Tafelschokolade",
  "pdp_url": "https://sortiment.lidl.ch/de/cailler-tafelschokolade-0003395",
  "product_description": "Artikelnr.: 3395",
  "producthierarchy_level1": "Sortiment",
  "producthierarchy_level2": "Sortiment",
  "producthierarchy_level3": "Cailler Tafelschokolade",
  "producthierarchy_level4": "",
  "producthierarchy_level5": "",
  "producthierarchy_level6": "",
  "producthierarchy_level7": "",
  "currency": "Swiss franc",
  "file_name_1": "3395_1.jpg",
  "image_url_1": "https://sortiment.lidl.ch/media/catalog/product/cache/38c728e59b3a47950872534eff8a1e63/3/3/3395_Cr_mant_PSXX_2.jpg",
  "file_name_2": "3395_2.jpg",
  "image_url_2": "https://sortiment.lidl.ch/media/catalog/product/cache/38c728e59b3a47950872534eff8a1e63/3/3/3395_Dessert_PSXX.jpg",
  "file_name_3": "3395_3.jpg",
  "image_url_3": "https://sortiment.lidl.ch/media/catalog/product/cache/38c728e59b3a47950872534eff8a1e63/3/3/3395_LaitNoisettes_PSXX.jpg",
  "file_name_4": "3395_4.jpg",
  "image_url_4": "https://sortiment.lidl.ch/media/catalog/product/cache/38c728e59b3a47950872534eff8a1e63/3/3/3395_Lait_PSXX.jpg"
},
{
  "_id": {
    "$oid": "66f3aa0fd23ade1eec55ffd4"
  },
  "unique_id": "5207",
  "product_name": "Milka Schokoladentafeln",
  "brand": "Milka",
  "regular_price": 4.99,
  "selling_price": 4.99,
  "price_per_unit": "pro 270g, 276g, 300g | 100g = 1.85, 1.81, 1.67 CHF",
  "breadcrumb": "Sortiment > Sortiment > Milka Schokoladentafeln",
  "pdp_url": "https://sortiment.lidl.ch/de/milka-schokoladentafeln-0005207",
  "product_description": "Artikelnr.: 5207",
  "producthierarchy_level1": "Sortiment",
  "producthierarchy_level2": "Sortiment",
  "producthierarchy_level3": "Milka Schokoladentafeln",
  "producthierarchy_level4": "",
  "producthierarchy_level5": "",
  "producthierarchy_level6": "",
  "producthierarchy_level7": "",
  "currency": "Swiss franc",
  "file_name_1": "5207_1.jpg",
  "image_url_1": "https://sortiment.lidl.ch/media/catalog/product/cache/38c728e59b3a47950872534eff8a1e63/5/2/5207_Alpenmilch_PSXX.jpg",
  "file_name_2": "5207_2.jpg",
  "image_url_2": "https://sortiment.lidl.ch/media/catalog/product/cache/38c728e59b3a47950872534eff8a1e63/5/2/5207_Noisette_PSXX.jpg",
  "file_name_3": "5207_3.jpg",
  "image_url_3": "https://sortiment.lidl.ch/media/catalog/product/cache/38c728e59b3a47950872534eff8a1e63/5/2/5207_ganzeNuss_PSXX.jpg"
},
{
  "_id": {
    "$oid": "66f3aa10d23ade1eec55ffd5"
  },
  "unique_id": "126770",
  "product_name": "Schokolade mit ganzen Haselnüssen",
  "brand": "Fin Carré",
  "regular_price": 1.39,
  "selling_price": 1.39,
  "price_per_unit": "pro 100g",
  "breadcrumb": "Sortiment > Sortiment > Schokolade mit ganzen Haselnüssen",
  "pdp_url": "https://sortiment.lidl.ch/de/schokolade-mit-ganzen-haselnuessen-0126770",
  "product_description": "Artikelnr.: 126770",
  "producthierarchy_level1": "Sortiment",
  "producthierarchy_level2": "Sortiment",
  "producthierarchy_level3": "Schokolade mit ganzen Haselnüssen",
  "producthierarchy_level4": "",
  "producthierarchy_level5": "",
  "producthierarchy_level6": "",
  "producthierarchy_level7": "",
  "currency": "Swiss franc",
  "file_name_1": "126770_1.jpg",
  "image_url_1": "https://sortiment.lidl.ch/media/catalog/product/cache/38c728e59b3a47950872534eff8a1e63/1/2/126770_Dunkel_PSXX.jpg",
  "file_name_2": "126770_2.jpg",
  "image_url_2": "https://sortiment.lidl.ch/media/catalog/product/cache/38c728e59b3a47950872534eff8a1e63/1/2/126770_Weiss_PSXX.jpg"
},
{
  "_id": {
    "$oid": "66f3aa11d23ade1eec55ffd6"
  },
  "unique_id": "130486",
  "product_name": "Milch Schokoladenstäbchen",
  "brand": "Mister Choc",
  "regular_price": 0.99,
  "selling_price": 0.99,
  "price_per_unit": "pro 100g",
  "breadcrumb": "Sortiment > Sortiment > Milch Schokoladenstäbchen",
  "pdp_url": "https://sortiment.lidl.ch/de/milch-schokoladenstaebchen-0130486",
  "product_description": "Artikelnr.: 130486",
  "producthierarchy_level1": "Sortiment",
  "producthierarchy_level2": "Sortiment",
  "producthierarchy_level3": "Milch Schokoladenstäbchen",
  "producthierarchy_level4": "",
  "producthierarchy_level5": "",
  "producthierarchy_level6": "",
  "producthierarchy_level7": "",
  "currency": "Swiss franc",
  "file_name_1": "130486_1.jpg",
  "image_url_1": "https://sortiment.lidl.ch/media/catalog/product/cache/38c728e59b3a47950872534eff8a1e63/1/3/130486_PSXX_1.jpg"
},
{
  "_id": {
    "$oid": "66f3aa12d23ade1eec55ffd7"
  },
  "unique_id": "95582",
  "product_name": "Crusti Choc Tafel",
  "brand": "Fin Carré",
  "regular_price": 0.99,
  "selling_price": 0.99,
  "price_per_unit": "pro 100g",
  "breadcrumb": "Sortiment > Sortiment > Crusti Choc Tafel",
  "pdp_url": "https://sortiment.lidl.ch/de/crusti-choc-tafel-0095582",
  "product_description": "Artikelnr.: 95582",
  "producthierarchy_level1": "Sortiment",
  "producthierarchy_level2": "Sortiment",
  "producthierarchy_level3": "Crusti Choc Tafel",
  "producthierarchy_level4": "",
  "producthierarchy_level5": "",
  "producthierarchy_level6": "",
  "producthierarchy_level7": "",
  "currency": "Swiss franc",
  "file_name_1": "95582_1.jpg",
  "image_url_1": "https://sortiment.lidl.ch/media/catalog/product/cache/38c728e59b3a47950872534eff8a1e63/9/5/95582_PSXX.jpg"
},
{
  "_id": {
    "$oid": "66f3aa13d23ade1eec55ffd8"
  },
  "unique_id": "88282",
  "product_name": "Milchschokolade Traube-Nuss",
  "brand": "Fin Carré",
  "regular_price": 0.99,
  "selling_price": 0.99,
  "price_per_unit": "pro 100g",
  "breadcrumb": "Sortiment > Sortiment > Milchschokolade Traube-Nuss",
  "pdp_url": "https://sortiment.lidl.ch/de/milchschokolade-traube-nuss-0088282",
  "product_description": "Artikelnr.: 88282",
  "producthierarchy_level1": "Sortiment",
  "producthierarchy_level2": "Sortiment",
  "producthierarchy_level3": "Milchschokolade Traube-Nuss",
  "producthierarchy_level4": "",
  "producthierarchy_level5": "",
  "producthierarchy_level6": "",
  "producthierarchy_level7": "",
  "currency": "Swiss franc",
  "file_name_1": "88282_1.jpg",
  "image_url_1": "https://sortiment.lidl.ch/media/catalog/product/cache/38c728e59b3a47950872534eff8a1e63/8/8/88282_PSXX.jpg"
},
{
  "_id": {
    "$oid": "66f3aa14d23ade1eec55ffd9"
  },
  "unique_id": "21238",
  "product_name": "Milchschokolade",
  "brand": "Fin Carré",
  "regular_price": 0.59,
  "selling_price": 0.59,
  "price_per_unit": "pro 100g",
  "breadcrumb": "Sortiment > Sortiment > Milchschokolade",
  "pdp_url": "https://sortiment.lidl.ch/de/milchschokolade-0021238",
  "product_description": "Artikelnr.: 21238",
  "producthierarchy_level1": "Sortiment",
  "producthierarchy_level2": "Sortiment",
  "producthierarchy_level3": "Milchschokolade",
  "producthierarchy_level4": "",
  "producthierarchy_level5": "",
  "producthierarchy_level6": "",
  "producthierarchy_level7": "",
  "currency": "Swiss franc",
  "file_name_1": "21238_1.jpg",
  "image_url_1": "https://sortiment.lidl.ch/media/catalog/product/cache/38c728e59b3a47950872534eff8a1e63/2/1/21238_PSXX.jpg"
},
{
  "_id": {
    "$oid": "66f3aa16d23ade1eec55ffda"
  },
  "unique_id": "21237",
  "product_name": "Milchschokolade",
  "brand": "Fin Carré",
  "regular_price": 0.89,
  "selling_price": 0.89,
  "price_per_unit": "pro 100g",
  "breadcrumb": "Sortiment > Sortiment > Milchschokolade",
  "pdp_url": "https://sortiment.lidl.ch/de/milchschokolade-0021237",
  "product_description": "Artikelnr.: 21237",
  "producthierarchy_level1": "Sortiment",
  "producthierarchy_level2": "Sortiment",
  "producthierarchy_level3": "Milchschokolade",
  "producthierarchy_level4": "",
  "producthierarchy_level5": "",
  "producthierarchy_level6": "",
  "producthierarchy_level7": "",
  "currency": "Swiss franc",
  "file_name_1": "21237_1.jpg",
  "image_url_1": "https://sortiment.lidl.ch/media/catalog/product/cache/38c728e59b3a47950872534eff8a1e63/2/1/21237_PSXX.jpg"
},
{
  "_id": {
    "$oid": "66f3aa17d23ade1eec55ffdb"
  },
  "unique_id": "21236",
  "product_name": "Dunkle Schokolade",
  "brand": "Fin Carré",
  "regular_price": 0.89,
  "selling_price": 0.89,
  "price_per_unit": "pro 100g",
  "breadcrumb": "Sortiment > Sortiment > Dunkle Schokolade",
  "pdp_url": "https://sortiment.lidl.ch/de/dunkle-schokolade-0021236",
  "product_description": "Artikelnr.: 21236",
  "producthierarchy_level1": "Sortiment",
  "producthierarchy_level2": "Sortiment",
  "producthierarchy_level3": "Dunkle Schokolade",
  "producthierarchy_level4": "",
  "producthierarchy_level5": "",
  "producthierarchy_level6": "",
  "producthierarchy_level7": "",
  "currency": "Swiss franc",
  "file_name_1": "21236_1.jpg",
  "image_url_1": "https://sortiment.lidl.ch/media/catalog/product/cache/38c728e59b3a47950872534eff8a1e63/2/1/21236_PSXX_1.jpg"
},
{
  "_id": {
    "$oid": "66f3aa18d23ade1eec55ffdc"
  },
  "unique_id": "19599",
  "product_name": "Kochschokolade",
  "brand": "Fin Carré",
  "regular_price": 1.45,
  "selling_price": 1.45,
  "price_per_unit": "pro 200g | 100g = 0.73 CHF",
  "breadcrumb": "Sortiment > Sortiment > Kochschokolade",
  "pdp_url": "https://sortiment.lidl.ch/de/kochschokolade-0019599",
  "product_description": "Artikelnr.: 19599",
  "producthierarchy_level1": "Sortiment",
  "producthierarchy_level2": "Sortiment",
  "producthierarchy_level3": "Kochschokolade",
  "producthierarchy_level4": "",
  "producthierarchy_level5": "",
  "producthierarchy_level6": "",
  "producthierarchy_level7": "",
  "currency": "Swiss franc",
  "file_name_1": "19599_1.jpg",
  "image_url_1": "https://sortiment.lidl.ch/media/catalog/product/cache/38c728e59b3a47950872534eff8a1e63/1/9/19599_PSXX.jpg"
},
{
  "_id": {
    "$oid": "66f3aa19d23ade1eec55ffdd"
  },
  "unique_id": "19545",
  "product_name": "Weisse Schokolade",
  "brand": "Fin Carré",
  "regular_price": 0.89,
  "selling_price": 0.89,
  "price_per_unit": "pro 100g",
  "breadcrumb": "Sortiment > Sortiment > Weisse Schokolade",
  "pdp_url": "https://sortiment.lidl.ch/de/weisse-schokolade-0019545",
  "product_description": "Artikelnr.: 19545",
  "producthierarchy_level1": "Sortiment",
  "producthierarchy_level2": "Sortiment",
  "producthierarchy_level3": "Weisse Schokolade",
  "producthierarchy_level4": "",
  "producthierarchy_level5": "",
  "producthierarchy_level6": "",
  "producthierarchy_level7": "",
  "currency": "Swiss franc",
  "file_name_1": "19545_1.jpg",
  "image_url_1": "https://sortiment.lidl.ch/media/catalog/product/cache/38c728e59b3a47950872534eff8a1e63/1/9/19545_PSXX.jpg"
},
{
  "_id": {
    "$oid": "66f3aa1ad23ade1eec55ffde"
  },
  "unique_id": "77221",
  "product_name": "Kaugummistreifen",
  "brand": "Jetgum",
  "regular_price": 1.19,
  "selling_price": 1.19,
  "price_per_unit": "pro 12 Stück | 1 Stk = 0.10 CHF",
  "breadcrumb": "Sortiment > Sortiment > Kaugummistreifen",
  "pdp_url": "https://sortiment.lidl.ch/de/kaugummistreifen-0077221",
  "product_description": "Artikelnr.: 77221",
  "producthierarchy_level1": "Sortiment",
  "producthierarchy_level2": "Sortiment",
  "producthierarchy_level3": "Kaugummistreifen",
  "producthierarchy_level4": "",
  "producthierarchy_level5": "",
  "producthierarchy_level6": "",
  "producthierarchy_level7": "",
  "currency": "Swiss franc",
  "file_name_1": "77221_1.jpg",
  "image_url_1": "https://sortiment.lidl.ch/media/catalog/product/cache/38c728e59b3a47950872534eff8a1e63/7/7/77221_Tropical_PSXX.jpg",
  "file_name_2": "77221_2.jpg",
  "image_url_2": "https://sortiment.lidl.ch/media/catalog/product/cache/38c728e59b3a47950872534eff8a1e63/7/7/77221_berry_PSXX.jpg",
  "file_name_3": "77221_3.jpg",
  "image_url_3": "https://sortiment.lidl.ch/media/catalog/product/cache/38c728e59b3a47950872534eff8a1e63/7/7/77221_coolN_PSXX.jpg",
  "file_name_4": "77221_4.jpg",
  "image_url_4": "https://sortiment.lidl.ch/media/catalog/product/cache/38c728e59b3a47950872534eff8a1e63/7/7/77221_spearmint_PSXX.jpg"
},
{
  "_id": {
    "$oid": "66f3aa1cd23ade1eec55ffdf"
  },
  "unique_id": "77233",
  "product_name": "Kaugummi Liquids zuckerfrei",
  "brand": "Jetgum",
  "regular_price": 2.99,
  "selling_price": 2.99,
  "price_per_unit": "pro 98g | 100g = 3.06 CHF",
  "breadcrumb": "Sortiment > Sortiment > Kaugummi Liquids zuckerfrei",
  "pdp_url": "https://sortiment.lidl.ch/de/kaugummi-liquids-zuckerfrei-0077233",
  "product_description": "Artikelnr.: 77233",
  "producthierarchy_level1": "Sortiment",
  "producthierarchy_level2": "Sortiment",
  "producthierarchy_level3": "Kaugummi Liquids zuckerfrei",
  "producthierarchy_level4": "",
  "producthierarchy_level5": "",
  "producthierarchy_level6": "",
  "producthierarchy_level7": "",
  "currency": "Swiss franc",
  "file_name_1": "77233_1.jpg",
  "image_url_1": "https://sortiment.lidl.ch/media/catalog/product/cache/38c728e59b3a47950872534eff8a1e63/7/7/77233_s01_PSXX.jpg",
  "file_name_2": "77233_2.jpg",
  "image_url_2": "https://sortiment.lidl.ch/media/catalog/product/cache/38c728e59b3a47950872534eff8a1e63/7/7/77233_s02_PSXX.jpg",
  "file_name_3": "77233_3.jpg",
  "image_url_3": "https://sortiment.lidl.ch/media/catalog/product/cache/38c728e59b3a47950872534eff8a1e63/7/7/77233_s03_PSXX.jpg",
  "file_name_4": "77233_4.jpg",
  "image_url_4": "https://sortiment.lidl.ch/media/catalog/product/cache/38c728e59b3a47950872534eff8a1e63/7/7/77233_s04_PSXX.jpg"
},
{
  "_id": {
    "$oid": "66f3aa1dd23ade1eec55ffe0"
  },
  "unique_id": "1644",
  "product_name": "Hubba Bubba Bubble Kaugummi",
  "brand": "Hubba Bubba",
  "regular_price": 2.89,
  "selling_price": 2.89,
  "price_per_unit": "pro 56g | 100g = 5.17 CHF",
  "breadcrumb": "Sortiment > Sortiment > Hubba Bubba Bubble Kaugummi",
  "pdp_url": "https://sortiment.lidl.ch/de/hubba-bubba-bubble-kaugummi-0001644",
  "product_description": "Artikelnr.: 1644",
  "producthierarchy_level1": "Sortiment",
  "producthierarchy_level2": "Sortiment",
  "producthierarchy_level3": "Hubba Bubba Bubble Kaugummi",
  "producthierarchy_level4": "",
  "producthierarchy_level5": "",
  "producthierarchy_level6": "",
  "producthierarchy_level7": "",
  "currency": "Swiss franc",
  "file_name_1": "1644_1.jpg",
  "image_url_1": "https://sortiment.lidl.ch/media/catalog/product/cache/38c728e59b3a47950872534eff8a1e63/1/6/1644_Cola_PSXX.jpg",
  "file_name_2": "1644_2.jpg",
  "image_url_2": "https://sortiment.lidl.ch/media/catalog/product/cache/38c728e59b3a47950872534eff8a1e63/1/6/1644_Himbeer_PSXX.jpg",
  "file_name_3": "1644_3.jpg",
  "image_url_3": "https://sortiment.lidl.ch/media/catalog/product/cache/38c728e59b3a47950872534eff8a1e63/1/6/1644_Sorte1_PSXX.jpg",
  "file_name_4": "1644_4.jpg",
  "image_url_4": "https://sortiment.lidl.ch/media/catalog/product/cache/38c728e59b3a47950872534eff8a1e63/1/6/1644_Sorte2_PSXX.jpg"
},
{
  "_id": {
    "$oid": "66f3aa1ed23ade1eec55ffe1"
  },
  "unique_id": "1189",
  "product_name": "Ferrero Giotto",
  "brand": "Ferrero",
  "regular_price": 4.59,
  "selling_price": 4.59,
  "price_per_unit": "pro 4x38,7g | 100g = 2.99, 57.38 CHF",
  "breadcrumb": "Sortiment > Sortiment > Ferrero Giotto",
  "pdp_url": "https://sortiment.lidl.ch/de/ferrero-giotto-0001189",
  "product_description": "Artikelnr.: 1189",
  "producthierarchy_level1": "Sortiment",
  "producthierarchy_level2": "Sortiment",
  "producthierarchy_level3": "Ferrero Giotto",
  "producthierarchy_level4": "",
  "producthierarchy_level5": "",
  "producthierarchy_level6": "",
  "producthierarchy_level7": "",
  "currency": "Swiss franc",
  "file_name_1": "1189_1.jpg",
  "image_url_1": "https://sortiment.lidl.ch/media/catalog/product/cache/38c728e59b3a47950872534eff8a1e63/1/1/1189_belgischer-spekulatius_PSXX.jpg",
  "file_name_2": "1189_2.jpg",
  "image_url_2": "https://sortiment.lidl.ch/media/catalog/product/cache/38c728e59b3a47950872534eff8a1e63/1/1/1189_butterkeks_PSXX_1.jpg",
  "file_name_3": "1189_3.jpg",
  "image_url_3": "https://sortiment.lidl.ch/media/catalog/product/cache/38c728e59b3a47950872534eff8a1e63/1/1/1189_cioccolato_PSXX.jpg",
  "file_name_4": "1189_4.jpg",
  "image_url_4": "https://sortiment.lidl.ch/media/catalog/product/cache/38c728e59b3a47950872534eff8a1e63/1/1/1189_cookieCream_PSXX_1.jpg",
  "file_name_5": "1189_5.jpg",
  "image_url_5": "https://sortiment.lidl.ch/media/catalog/product/cache/38c728e59b3a47950872534eff8a1e63/1/1/1189_haselnuss_PSXX_1.jpg",
  "file_name_6": "1189_6.jpg",
  "image_url_6": "https://sortiment.lidl.ch/media/catalog/product/cache/38c728e59b3a47950872534eff8a1e63/1/1/1189_mandel_PSXX.jpg"
},
{
  "_id": {
    "$oid": "66f3aa1fd23ade1eec55ffe2"
  },
  "unique_id": "2485",
  "product_name": "Ferrero Raffaello",
  "brand": "Ferrero",
  "regular_price": 5.19,
  "selling_price": 5.19,
  "price_per_unit": "pro 230g | 100g = 2.26 CHF",
  "breadcrumb": "Sortiment > Sortiment > Ferrero Raffaello",
  "pdp_url": "https://sortiment.lidl.ch/de/ferrero-raffaello-0002485",
  "product_description": "Artikelnr.: 2485",
  "producthierarchy_level1": "Sortiment",
  "producthierarchy_level2": "Sortiment",
  "producthierarchy_level3": "Ferrero Raffaello",
  "producthierarchy_level4": "",
  "producthierarchy_level5": "",
  "producthierarchy_level6": "",
  "producthierarchy_level7": "",
  "currency": "Swiss franc",
  "file_name_1": "2485_1.jpg",
  "image_url_1": "https://sortiment.lidl.ch/media/catalog/product/cache/38c728e59b3a47950872534eff8a1e63/2/4/2485_PSXX.jpg"
},
{
  "_id": {
    "$oid": "66f3aa20d23ade1eec55ffe3"
  },
  "unique_id": "5105952",
  "product_name": "Storck Merci Finest Selection",
  "brand": "Storck",
  "regular_price": 4.49,
  "selling_price": 4.49,
  "price_per_unit": "pro 250g | 100g = 1.80 CHF",
  "breadcrumb": "Sortiment > Sortiment > Storck Merci Finest Selection",
  "pdp_url": "https://sortiment.lidl.ch/de/storck-merci-finest-selection-5105952",
  "product_description": "Artikelnr.: 5105952",
  "producthierarchy_level1": "Sortiment",
  "producthierarchy_level2": "Sortiment",
  "producthierarchy_level3": "Storck Merci Finest Selection",
  "producthierarchy_level4": "",
  "producthierarchy_level5": "",
  "producthierarchy_level6": "",
  "producthierarchy_level7": "",
  "currency": "Swiss franc",
  "file_name_1": "5105952_1.jpg",
  "image_url_1": "https://sortiment.lidl.ch/media/catalog/product/cache/38c728e59b3a47950872534eff8a1e63/5/1/5105952_PSXX.jpg"
},
{
  "_id": {
    "$oid": "66f3aa21d23ade1eec55ffe4"
  },
  "unique_id": "5106354",
  "product_name": "Storck Toffifee",
  "brand": "Storck",
  "regular_price": 1.99,
  "selling_price": 1.99,
  "price_per_unit": "pro 125g | 100g = 1.60 CHF",
  "breadcrumb": "Sortiment > Sortiment > Storck Toffifee",
  "pdp_url": "https://sortiment.lidl.ch/de/storck-toffifee-5106354",
  "product_description": "Artikelnr.: 5106354",
  "producthierarchy_level1": "Sortiment",
  "producthierarchy_level2": "Sortiment",
  "producthierarchy_level3": "Storck Toffifee",
  "producthierarchy_level4": "",
  "producthierarchy_level5": "",
  "producthierarchy_level6": "",
  "producthierarchy_level7": "",
  "currency": "Swiss franc",
  "file_name_1": "5106354_1.jpg",
  "image_url_1": "https://sortiment.lidl.ch/media/catalog/product/cache/38c728e59b3a47950872534eff8a1e63/5/1/5106354_PSXX.jpg"
},
{
  "_id": {
    "$oid": "66f3aa23d23ade1eec55ffe5"
  },
  "unique_id": "118851",
  "product_name": "Likör Kirschpralinen",
  "brand": "La Cerise",
  "regular_price": 2.99,
  "selling_price": 2.99,
  "price_per_unit": "pro 165g | 100g = 1.82 CHF",
  "breadcrumb": "Sortiment > Sortiment > Likör Kirschpralinen",
  "pdp_url": "https://sortiment.lidl.ch/de/likoer-kirschpralinen-0118851",
  "product_description": "Artikelnr.: 118851",
  "producthierarchy_level1": "Sortiment",
  "producthierarchy_level2": "Sortiment",
  "producthierarchy_level3": "Likör Kirschpralinen",
  "producthierarchy_level4": "",
  "producthierarchy_level5": "",
  "producthierarchy_level6": "",
  "producthierarchy_level7": "",
  "currency": "Swiss franc",
  "file_name_1": "118851_1.jpg",
  "image_url_1": "https://sortiment.lidl.ch/media/catalog/product/cache/38c728e59b3a47950872534eff8a1e63/1/1/118851_PSXX.jpg"
},
{
  "_id": {
    "$oid": "66f3aa24d23ade1eec55ffe6"
  },
  "unique_id": "7703649",
  "product_name": "Protein Bar 50% Protein",
  "brand": "",
  "regular_price": 1.49,
  "selling_price": 1.49,
  "price_per_unit": "pro 45g | 100g = 3.32 CHF",
  "breadcrumb": "Sortiment > Sortiment > Protein Bar 50% Protein",
  "pdp_url": "https://sortiment.lidl.ch/de/protein-bar-50-protein-7703649",
  "product_description": "Artikelnr.: 7703649",
  "producthierarchy_level1": "Sortiment",
  "producthierarchy_level2": "Sortiment",
  "producthierarchy_level3": "Protein Bar 50% Protein",
  "producthierarchy_level4": "",
  "producthierarchy_level5": "",
  "producthierarchy_level6": "",
  "producthierarchy_level7": "",
  "currency": "Swiss franc",
  "file_name_1": "7703649_1.jpg",
  "image_url_1": "https://sortiment.lidl.ch/media/catalog/product/cache/38c728e59b3a47950872534eff8a1e63/7/7/7703649_BrownieChoco_PSXX.jpg",
  "file_name_2": "7703649_2.jpg",
  "image_url_2": "https://sortiment.lidl.ch/media/catalog/product/cache/38c728e59b3a47950872534eff8a1e63/7/7/7703649_Brownie_PSXX_3.jpg",
  "file_name_3": "7703649_3.jpg",
  "image_url_3": "https://sortiment.lidl.ch/media/catalog/product/cache/38c728e59b3a47950872534eff8a1e63/7/7/7703649_CookiesCream_PSXX.jpg",
  "file_name_4": "7703649_4.jpg",
  "image_url_4": "https://sortiment.lidl.ch/media/catalog/product/cache/38c728e59b3a47950872534eff8a1e63/7/7/7703649_Cookies_PSXX_3.jpg",
  "file_name_5": "7703649_5.jpg",
  "image_url_5": "https://sortiment.lidl.ch/media/catalog/product/cache/38c728e59b3a47950872534eff8a1e63/7/7/7703649_Erdbeer_PSXX_3.jpg",
  "file_name_6": "7703649_6.jpg",
  "image_url_6": "https://sortiment.lidl.ch/media/catalog/product/cache/38c728e59b3a47950872534eff8a1e63/7/7/7703649_Kokos_PSXX.jpg",
  "file_name_7": "7703649_7.jpg",
  "image_url_7": "https://sortiment.lidl.ch/media/catalog/product/cache/38c728e59b3a47950872534eff8a1e63/7/7/7703649_Stracciatella_PSXX.jpg",
  "file_name_8": "7703649_8.jpg",
  "image_url_8": "https://sortiment.lidl.ch/media/catalog/product/cache/38c728e59b3a47950872534eff8a1e63/7/7/7703649_StrawberryCacao_PSXX.jpg",
  "file_name_9": "7703649_9.jpg",
  "image_url_9": "https://sortiment.lidl.ch/media/catalog/product/cache/38c728e59b3a47950872534eff8a1e63/7/7/7703649_Vanille_PSXX_3.jpg",
  "file_name_10": "7703649_10.jpg",
  "image_url_10": "https://sortiment.lidl.ch/media/catalog/product/cache/38c728e59b3a47950872534eff8a1e63/7/7/7703649_WeisseSchokolade_PSXX.jpg"
},
{
  "_id": {
    "$oid": "66f3aa26d23ade1eec55ffe7"
  },
  "unique_id": "143861",
  "product_name": "Schokoriegel",
  "brand": "Mister Choc",
  "regular_price": 1.79,
  "selling_price": 1.79,
  "price_per_unit": "pro 270g, 290g, 300g | 100g = 0.67, 0.62, 0.60 CHF",
  "breadcrumb": "Sortiment > Sortiment > Schokoriegel",
  "pdp_url": "https://sortiment.lidl.ch/de/schokoriegel-0143861",
  "product_description": "Artikelnr.: 143861",
  "producthierarchy_level1": "Sortiment",
  "producthierarchy_level2": "Sortiment",
  "producthierarchy_level3": "Schokoriegel",
  "producthierarchy_level4": "",
  "producthierarchy_level5": "",
  "producthierarchy_level6": "",
  "producthierarchy_level7": "",
  "currency": "Swiss franc",
  "file_name_1": "143861_1.jpg",
  "image_url_1": "https://sortiment.lidl.ch/media/catalog/product/cache/38c728e59b3a47950872534eff8a1e63/1/4/143861_Biscuit_PSXX.jpg",
  "file_name_2": "143861_2.jpg",
  "image_url_2": "https://sortiment.lidl.ch/media/catalog/product/cache/38c728e59b3a47950872534eff8a1e63/1/4/143861_Caramel_PSXX.jpg",
  "file_name_3": "143861_3.jpg",
  "image_url_3": "https://sortiment.lidl.ch/media/catalog/product/cache/38c728e59b3a47950872534eff8a1e63/1/4/143861_Peanut_PSXX.jpg"
},
{
  "_id": {
    "$oid": "66f3aa27d23ade1eec55ffe8"
  },
  "unique_id": "19902",
  "product_name": "Müesli Riegel",
  "brand": "Crownfield",
  "regular_price": 1.89,
  "selling_price": 1.89,
  "price_per_unit": "pro 200g | 100g = 0.95 CHF",
  "breadcrumb": "Sortiment > Sortiment > Müesli Riegel",
  "pdp_url": "https://sortiment.lidl.ch/de/mueesli-riegel-0019902",
  "product_description": "Artikelnr.: 19902",
  "producthierarchy_level1": "Sortiment",
  "producthierarchy_level2": "Sortiment",
  "producthierarchy_level3": "Müesli Riegel",
  "producthierarchy_level4": "",
  "producthierarchy_level5": "",
  "producthierarchy_level6": "",
  "producthierarchy_level7": "",
  "currency": "Swiss franc",
  "file_name_1": "19902_1.jpg",
  "image_url_1": "https://sortiment.lidl.ch/media/catalog/product/cache/38c728e59b3a47950872534eff8a1e63/1/9/19902_Apfel_PSXX.jpg",
  "file_name_2": "19902_2.jpg",
  "image_url_2": "https://sortiment.lidl.ch/media/catalog/product/cache/38c728e59b3a47950872534eff8a1e63/1/9/19902_Cranberry_PSXX.jpg",
  "file_name_3": "19902_3.jpg",
  "image_url_3": "https://sortiment.lidl.ch/media/catalog/product/cache/38c728e59b3a47950872534eff8a1e63/1/9/19902_Haselnuss_PSXX.jpg",
  "file_name_4": "19902_4.jpg",
  "image_url_4": "https://sortiment.lidl.ch/media/catalog/product/cache/38c728e59b3a47950872534eff8a1e63/1/9/19902_SchokoBanane_PSXX.jpg",
  "file_name_5": "19902_5.jpg",
  "image_url_5": "https://sortiment.lidl.ch/media/catalog/product/cache/38c728e59b3a47950872534eff8a1e63/1/9/19902_SchokoOZ_PSXX.jpg",
  "file_name_6": "19902_6.jpg",
  "image_url_6": "https://sortiment.lidl.ch/media/catalog/product/cache/38c728e59b3a47950872534eff8a1e63/1/9/19902_Schoko_PSXX.jpg"
},
{
  "_id": {
    "$oid": "66f3aa28d23ade1eec55ffe9"
  },
  "unique_id": "3509",
  "product_name": "Balisto Riegel",
  "brand": "Balisto",
  "regular_price": 2.95,
  "selling_price": 2.95,
  "price_per_unit": "pro 166,5g | 100g = 1.78, 59.00 CHF",
  "breadcrumb": "Sortiment > Sortiment > Balisto Riegel",
  "pdp_url": "https://sortiment.lidl.ch/de/balisto-riegel-0003509",
  "product_description": "Artikelnr.: 3509",
  "producthierarchy_level1": "Sortiment",
  "producthierarchy_level2": "Sortiment",
  "producthierarchy_level3": "Balisto Riegel",
  "producthierarchy_level4": "",
  "producthierarchy_level5": "",
  "producthierarchy_level6": "",
  "producthierarchy_level7": "",
  "currency": "Swiss franc",
  "file_name_1": "3509_1.jpg",
  "image_url_1": "https://sortiment.lidl.ch/media/catalog/product/cache/38c728e59b3a47950872534eff8a1e63/3/5/3509_Korn_PSXX.jpg",
  "file_name_2": "3509_2.jpg",
  "image_url_2": "https://sortiment.lidl.ch/media/catalog/product/cache/38c728e59b3a47950872534eff8a1e63/3/5/3509_Muesli_PSXX.jpg",
  "file_name_3": "3509_3.jpg",
  "image_url_3": "https://sortiment.lidl.ch/media/catalog/product/cache/38c728e59b3a47950872534eff8a1e63/3/5/3509_Yoberry_PSXX.jpg"
},
{
  "_id": {
    "$oid": "66f3aa29d23ade1eec55ffea"
  },
  "unique_id": "3053",
  "product_name": "Cailler Branches",
  "brand": "Cailler",
  "regular_price": 3.49,
  "selling_price": 3.49,
  "price_per_unit": "pro 5x23g | 100g = 3.04 CHF",
  "breadcrumb": "Sortiment > Sortiment > Cailler Branches",
  "pdp_url": "https://sortiment.lidl.ch/de/cailler-branches-0003053",
  "product_description": "Artikelnr.: 3053",
  "producthierarchy_level1": "Sortiment",
  "producthierarchy_level2": "Sortiment",
  "producthierarchy_level3": "Cailler Branches",
  "producthierarchy_level4": "",
  "producthierarchy_level5": "",
  "producthierarchy_level6": "",
  "producthierarchy_level7": "",
  "currency": "Swiss franc",
  "file_name_1": "3053_1.jpg",
  "image_url_1": "https://sortiment.lidl.ch/media/catalog/product/cache/38c728e59b3a47950872534eff8a1e63/3/0/3053_BrancheOriginale_PSXX.jpg",
  "file_name_2": "3053_2.jpg",
  "image_url_2": "https://sortiment.lidl.ch/media/catalog/product/cache/38c728e59b3a47950872534eff8a1e63/3/0/3053_BranchesCr_mant_PSXX_2.jpg",
  "file_name_3": "3053_3.jpg",
  "image_url_3": "https://sortiment.lidl.ch/media/catalog/product/cache/38c728e59b3a47950872534eff8a1e63/3/0/3053_Caramel_Sale_PSXX_1.jpg",
  "file_name_4": "3053_4.jpg",
  "image_url_4": "https://sortiment.lidl.ch/media/catalog/product/cache/38c728e59b3a47950872534eff8a1e63/3/0/3053_Cremant_PSXX_1.jpg",
  "file_name_5": "3053_5.jpg",
  "image_url_5": "https://sortiment.lidl.ch/media/catalog/product/cache/38c728e59b3a47950872534eff8a1e63/3/0/3053_Originales_PSXX_1.jpg"
},
{
  "_id": {
    "$oid": "66f3aa2bd23ade1eec55ffeb"
  },
  "unique_id": "2951",
  "product_name": "Mars Schokoriegel Minis",
  "brand": "Mars",
  "regular_price": 3.89,
  "selling_price": 3.89,
  "price_per_unit": "pro 275g | 100g = 1.42 CHF",
  "breadcrumb": "Sortiment > Sortiment > Mars Schokoriegel Minis",
  "pdp_url": "https://sortiment.lidl.ch/de/mars-schokoriegel-minis-0002951",
  "product_description": "Artikelnr.: 2951",
  "producthierarchy_level1": "Sortiment",
  "producthierarchy_level2": "Sortiment",
  "producthierarchy_level3": "Mars Schokoriegel Minis",
  "producthierarchy_level4": "",
  "producthierarchy_level5": "",
  "producthierarchy_level6": "",
  "producthierarchy_level7": "",
  "currency": "Swiss franc",
  "file_name_1": "2951_1.jpg",
  "image_url_1": "https://sortiment.lidl.ch/media/catalog/product/cache/38c728e59b3a47950872534eff8a1e63/2/9/2951_Bounty_Minis_PSXX.jpg",
  "file_name_2": "2951_2.jpg",
  "image_url_2": "https://sortiment.lidl.ch/media/catalog/product/cache/38c728e59b3a47950872534eff8a1e63/2/9/2951_Mars_Minis_PSXX.jpg",
  "file_name_3": "2951_3.jpg",
  "image_url_3": "https://sortiment.lidl.ch/media/catalog/product/cache/38c728e59b3a47950872534eff8a1e63/2/9/2951_MilkyWays_PSXX.jpg",
  "file_name_4": "2951_4.jpg",
  "image_url_4": "https://sortiment.lidl.ch/media/catalog/product/cache/38c728e59b3a47950872534eff8a1e63/2/9/2951_Snickers_Minis_PSXX.jpg",
  "file_name_5": "2951_5.jpg",
  "image_url_5": "https://sortiment.lidl.ch/media/catalog/product/cache/38c728e59b3a47950872534eff8a1e63/2/9/2951_Twix_Minis_PSXX.jpg"
},
{
  "_id": {
    "$oid": "66f3aa2cd23ade1eec55ffec"
  },
  "unique_id": "1179",
  "product_name": "Ferrero Kinder Country",
  "brand": "Ferrero",
  "regular_price": 3.69,
  "selling_price": 3.69,
  "price_per_unit": "pro 9x23,5g | 100g = 1.75, 73.80 CHF",
  "breadcrumb": "Sortiment > Sortiment > Ferrero Kinder Country",
  "pdp_url": "https://sortiment.lidl.ch/de/ferrero-kinder-country-0001179",
  "product_description": "Artikelnr.: 1179",
  "producthierarchy_level1": "Sortiment",
  "producthierarchy_level2": "Sortiment",
  "producthierarchy_level3": "Ferrero Kinder Country",
  "producthierarchy_level4": "",
  "producthierarchy_level5": "",
  "producthierarchy_level6": "",
  "producthierarchy_level7": "",
  "currency": "Swiss franc",
  "file_name_1": "1179_1.jpg",
  "image_url_1": "https://sortiment.lidl.ch/media/catalog/product/cache/38c728e59b3a47950872534eff8a1e63/1/1/1179_PSXX_1.jpg"
},
{
  "_id": {
    "$oid": "66f3aa2ed23ade1eec55ffed"
  },
  "unique_id": "1178",
  "product_name": "Ferrero Kinder Bueno",
  "brand": "Ferrero",
  "regular_price": 2.69,
  "selling_price": 2.69,
  "price_per_unit": "pro 129g | 100g = 2.09 CHF",
  "breadcrumb": "Sortiment > Sortiment > Ferrero Kinder Bueno",
  "pdp_url": "https://sortiment.lidl.ch/de/ferrero-kinder-bueno-0001178",
  "product_description": "Artikelnr.: 1178",
  "producthierarchy_level1": "Sortiment",
  "producthierarchy_level2": "Sortiment",
  "producthierarchy_level3": "Ferrero Kinder Bueno",
  "producthierarchy_level4": "",
  "producthierarchy_level5": "",
  "producthierarchy_level6": "",
  "producthierarchy_level7": "",
  "currency": "Swiss franc",
  "file_name_1": "1178_1.jpg",
  "image_url_1": "https://sortiment.lidl.ch/media/catalog/product/cache/38c728e59b3a47950872534eff8a1e63/1/1/1178_PSXX.jpg"
},
{
  "_id": {
    "$oid": "66f3aa2fd23ade1eec55ffee"
  },
  "unique_id": "7703540",
  "product_name": "Ferrero Kinder Bueno",
  "brand": "Ferrero",
  "regular_price": 1.39,
  "selling_price": 1.39,
  "price_per_unit": "pro 43g | 100g = 3.24 CHF",
  "breadcrumb": "Sortiment > Sortiment > Ferrero Kinder Bueno",
  "pdp_url": "https://sortiment.lidl.ch/de/ferrero-kinder-bueno-7703540",
  "product_description": "Artikelnr.: 7703540",
  "producthierarchy_level1": "Sortiment",
  "producthierarchy_level2": "Sortiment",
  "producthierarchy_level3": "Ferrero Kinder Bueno",
  "producthierarchy_level4": "",
  "producthierarchy_level5": "",
  "producthierarchy_level6": "",
  "producthierarchy_level7": "",
  "currency": "Swiss franc",
  "file_name_1": "7703540_1.jpg",
  "image_url_1": "https://sortiment.lidl.ch/media/catalog/product/cache/38c728e59b3a47950872534eff8a1e63/7/7/7703540_PSXX_1.jpg"
},
{
  "_id": {
    "$oid": "66f3aa30d23ade1eec55ffef"
  },
  "unique_id": "3222",
  "product_name": "Twix Xtra",
  "brand": "",
  "regular_price": 1.49,
  "selling_price": 1.49,
  "price_per_unit": "pro 75g | 100g = 1.99 CHF",
  "breadcrumb": "Sortiment > Sortiment > Twix Xtra",
  "pdp_url": "https://sortiment.lidl.ch/de/twix-xtra-0003222",
  "product_description": "Artikelnr.: 3222",
  "producthierarchy_level1": "Sortiment",
  "producthierarchy_level2": "Sortiment",
  "producthierarchy_level3": "Twix Xtra",
  "producthierarchy_level4": "",
  "producthierarchy_level5": "",
  "producthierarchy_level6": "",
  "producthierarchy_level7": "",
  "currency": "Swiss franc",
  "file_name_1": "3222_1.jpg",
  "image_url_1": "https://sortiment.lidl.ch/media/catalog/product/cache/38c728e59b3a47950872534eff8a1e63/3/2/3222_Xtra_PSXX.jpg"
},
{
  "_id": {
    "$oid": "66f3aa31d23ade1eec55fff0"
  },
  "unique_id": "2747",
  "product_name": "Snickers",
  "brand": "",
  "regular_price": 1.49,
  "selling_price": 1.49,
  "price_per_unit": "pro 80g | 100g = 1.87 CHF",
  "breadcrumb": "Sortiment > Sortiment > Snickers",
  "pdp_url": "https://sortiment.lidl.ch/de/snickers-0002747",
  "product_description": "Artikelnr.: 2747",
  "producthierarchy_level1": "Sortiment",
  "producthierarchy_level2": "Sortiment",
  "producthierarchy_level3": "Snickers",
  "producthierarchy_level4": "",
  "producthierarchy_level5": "",
  "producthierarchy_level6": "",
  "producthierarchy_level7": "",
  "currency": "Swiss franc",
  "file_name_1": "2747_1.jpg",
  "image_url_1": "https://sortiment.lidl.ch/media/catalog/product/cache/38c728e59b3a47950872534eff8a1e63/2/7/2747_2er_PSXX.jpg"
},
{
  "_id": {
    "$oid": "66f3aa32d23ade1eec55fff1"
  },
  "unique_id": "2743",
  "product_name": "Bounty",
  "brand": "Bounty",
  "regular_price": 1.29,
  "selling_price": 1.29,
  "price_per_unit": "pro 57g | 100g = 2.27 CHF",
  "breadcrumb": "Sortiment > Sortiment > Bounty",
  "pdp_url": "https://sortiment.lidl.ch/de/bounty-0002743",
  "product_description": "Artikelnr.: 2743",
  "producthierarchy_level1": "Sortiment",
  "producthierarchy_level2": "Sortiment",
  "producthierarchy_level3": "Bounty",
  "producthierarchy_level4": "",
  "producthierarchy_level5": "",
  "producthierarchy_level6": "",
  "producthierarchy_level7": "",
  "currency": "Swiss franc",
  "file_name_1": "2743_1.jpg",
  "image_url_1": "https://sortiment.lidl.ch/media/catalog/product/cache/38c728e59b3a47950872534eff8a1e63/2/7/2743_Bounty_PSXX.jpg"
},
{
  "_id": {
    "$oid": "66f3aa33d23ade1eec55fff2"
  },
  "unique_id": "134953",
  "product_name": "Party Mix Mini Beutel",
  "brand": "Sweet Corner",
  "regular_price": 2.79,
  "selling_price": 2.79,
  "price_per_unit": "pro 425g | 100g = 0.66 CHF",
  "breadcrumb": "Sortiment > Sortiment > Party Mix Mini Beutel",
  "pdp_url": "https://sortiment.lidl.ch/de/party-mix-mini-beutel-0134953",
  "product_description": "Artikelnr.: 134953",
  "producthierarchy_level1": "Sortiment",
  "producthierarchy_level2": "Sortiment",
  "producthierarchy_level3": "Party Mix Mini Beutel",
  "producthierarchy_level4": "",
  "producthierarchy_level5": "",
  "producthierarchy_level6": "",
  "producthierarchy_level7": "",
  "currency": "Swiss franc",
  "file_name_1": "134953_1.jpg",
  "image_url_1": "https://sortiment.lidl.ch/media/catalog/product/cache/38c728e59b3a47950872534eff8a1e63/1/3/134953_PSXX.jpg"
},
{
  "_id": {
    "$oid": "66f3aa34d23ade1eec55fff3"
  },
  "unique_id": "23099",
  "product_name": "Trolli Gummibonbons",
  "brand": "Trolli",
  "regular_price": 5.99,
  "selling_price": 5.99,
  "price_per_unit": "pro 1000g",
  "breadcrumb": "Sortiment > Sortiment > Trolli Gummibonbons",
  "pdp_url": "https://sortiment.lidl.ch/de/trolli-gummibonbons-0023099",
  "product_description": "Artikelnr.: 23099",
  "producthierarchy_level1": "Sortiment",
  "producthierarchy_level2": "Sortiment",
  "producthierarchy_level3": "Trolli Gummibonbons",
  "producthierarchy_level4": "",
  "producthierarchy_level5": "",
  "producthierarchy_level6": "",
  "producthierarchy_level7": "",
  "currency": "Swiss franc",
  "file_name_1": "23099_1.jpg",
  "image_url_1": "https://sortiment.lidl.ch/media/catalog/product/cache/38c728e59b3a47950872534eff8a1e63/2/3/23099_PSXX.jpg"
},
{
  "_id": {
    "$oid": "66f3aa35d23ade1eec55fff4"
  },
  "unique_id": "3439",
  "product_name": "Haribo Tropi Frutti",
  "brand": "Haribo",
  "regular_price": 0.99,
  "selling_price": 0.99,
  "price_per_unit": "pro 75g | 100g = 1.32 CHF",
  "breadcrumb": "Sortiment > Sortiment > Haribo Tropi Frutti",
  "pdp_url": "https://sortiment.lidl.ch/de/haribo-tropi-frutti-0003439",
  "product_description": "Artikelnr.: 3439",
  "producthierarchy_level1": "Sortiment",
  "producthierarchy_level2": "Sortiment",
  "producthierarchy_level3": "Haribo Tropi Frutti",
  "producthierarchy_level4": "",
  "producthierarchy_level5": "",
  "producthierarchy_level6": "",
  "producthierarchy_level7": "",
  "currency": "Swiss franc",
  "file_name_1": "3439_1.jpg",
  "image_url_1": "https://sortiment.lidl.ch/media/catalog/product/cache/38c728e59b3a47950872534eff8a1e63/3/4/3439_PSXX.jpg"
},
{
  "_id": {
    "$oid": "66f3aa37d23ade1eec55fff5"
  },
  "unique_id": "3438",
  "product_name": "Haribo Goldbären",
  "brand": "Haribo",
  "regular_price": 0.99,
  "selling_price": 0.99,
  "price_per_unit": "pro 75g | 100g = 1.32 CHF",
  "breadcrumb": "Sortiment > Sortiment > Haribo Goldbären",
  "pdp_url": "https://sortiment.lidl.ch/de/haribo-goldbaeren-0003438",
  "product_description": "Artikelnr.: 3438",
  "producthierarchy_level1": "Sortiment",
  "producthierarchy_level2": "Sortiment",
  "producthierarchy_level3": "Haribo Goldbären",
  "producthierarchy_level4": "",
  "producthierarchy_level5": "",
  "producthierarchy_level6": "",
  "producthierarchy_level7": "",
  "currency": "Swiss franc",
  "file_name_1": "3438_1.jpg",
  "image_url_1": "https://sortiment.lidl.ch/media/catalog/product/cache/38c728e59b3a47950872534eff8a1e63/3/4/3438_PSXX.jpg"
},
{
  "_id": {
    "$oid": "66f3aa39d23ade1eec55fff6"
  },
  "unique_id": "2724",
  "product_name": "Haribo Goldbären",
  "brand": "Haribo",
  "regular_price": 2.35,
  "selling_price": 2.35,
  "price_per_unit": "pro 350g | 100g = 0.68 CHF",
  "breadcrumb": "Sortiment > Sortiment > Haribo Goldbären",
  "pdp_url": "https://sortiment.lidl.ch/de/haribo-goldbaeren-0002724",
  "product_description": "Artikelnr.: 2724",
  "producthierarchy_level1": "Sortiment",
  "producthierarchy_level2": "Sortiment",
  "producthierarchy_level3": "Haribo Goldbären",
  "producthierarchy_level4": "",
  "producthierarchy_level5": "",
  "producthierarchy_level6": "",
  "producthierarchy_level7": "",
  "currency": "Swiss franc",
  "file_name_1": "2724_1.jpg",
  "image_url_1": "https://sortiment.lidl.ch/media/catalog/product/cache/38c728e59b3a47950872534eff8a1e63/2/7/2724_PSXX.jpg"
},
{
  "_id": {
    "$oid": "66f3aa3ad23ade1eec55fff7"
  },
  "unique_id": "2676",
  "product_name": "Haribo Mega Roulette",
  "brand": "Haribo",
  "regular_price": 0.89,
  "selling_price": 0.89,
  "price_per_unit": "pro 45g | 100g = 1.98 CHF",
  "breadcrumb": "Sortiment > Sortiment > Haribo Mega Roulette",
  "pdp_url": "https://sortiment.lidl.ch/de/haribo-mega-roulette-0002676",
  "product_description": "Artikelnr.: 2676",
  "producthierarchy_level1": "Sortiment",
  "producthierarchy_level2": "Sortiment",
  "producthierarchy_level3": "Haribo Mega Roulette",
  "producthierarchy_level4": "",
  "producthierarchy_level5": "",
  "producthierarchy_level6": "",
  "producthierarchy_level7": "",
  "currency": "Swiss franc",
  "file_name_1": "2676_1.jpg",
  "image_url_1": "https://sortiment.lidl.ch/media/catalog/product/cache/38c728e59b3a47950872534eff8a1e63/2/6/2676_PSXX.jpg"
},
{
  "_id": {
    "$oid": "66f3aa3bd23ade1eec55fff8"
  },
  "unique_id": "2842",
  "product_name": "Ferrero Kinder Schoko-Bons",
  "brand": "Ferrero",
  "regular_price": 3.95,
  "selling_price": 3.95,
  "price_per_unit": "pro 200g | 100g = 1.98 CHF",
  "breadcrumb": "Sortiment > Sortiment > Ferrero Kinder Schoko-Bons",
  "pdp_url": "https://sortiment.lidl.ch/de/ferrero-kinder-schoko-bons-0002842",
  "product_description": "Artikelnr.: 2842",
  "producthierarchy_level1": "Sortiment",
  "producthierarchy_level2": "Sortiment",
  "producthierarchy_level3": "Ferrero Kinder Schoko-Bons",
  "producthierarchy_level4": "",
  "producthierarchy_level5": "",
  "producthierarchy_level6": "",
  "producthierarchy_level7": "",
  "currency": "Swiss franc",
  "file_name_1": "2842_1.jpg",
  "image_url_1": "https://sortiment.lidl.ch/media/catalog/product/cache/38c728e59b3a47950872534eff8a1e63/2/8/2842_PSXX.jpg"
},
{
  "_id": {
    "$oid": "66f3aa3cd23ade1eec55fff9"
  },
  "unique_id": "13056",
  "product_name": "Choco Bananas",
  "brand": "Mister Choc",
  "regular_price": 2.99,
  "selling_price": 2.99,
  "price_per_unit": "pro 300g | 100g = 1.00 CHF",
  "breadcrumb": "Sortiment > Sortiment > Choco Bananas",
  "pdp_url": "https://sortiment.lidl.ch/de/choco-bananas-0013056",
  "product_description": "Artikelnr.: 13056",
  "producthierarchy_level1": "Sortiment",
  "producthierarchy_level2": "Sortiment",
  "producthierarchy_level3": "Choco Bananas",
  "producthierarchy_level4": "",
  "producthierarchy_level5": "",
  "producthierarchy_level6": "",
  "producthierarchy_level7": "",
  "currency": "Swiss franc",
  "file_name_1": "13056_1.jpg",
  "image_url_1": "https://sortiment.lidl.ch/media/catalog/product/cache/38c728e59b3a47950872534eff8a1e63/1/3/13056_PSXX.jpg"
},
{
  "_id": {
    "$oid": "66f3aa3dd23ade1eec55fffa"
  },
  "unique_id": "132367",
  "product_name": "Big Hit dragierte Erdnüsse",
  "brand": "Mister Choc",
  "regular_price": 1.99,
  "selling_price": 1.99,
  "price_per_unit": "pro 250g | 100g = 0.80 CHF",
  "breadcrumb": "Sortiment > Sortiment > Big Hit dragierte Erdnüsse",
  "pdp_url": "https://sortiment.lidl.ch/de/big-hit-dragierte-erdnuesse-0132367",
  "product_description": "Artikelnr.: 132367",
  "producthierarchy_level1": "Sortiment",
  "producthierarchy_level2": "Sortiment",
  "producthierarchy_level3": "Big Hit dragierte Erdnüsse",
  "producthierarchy_level4": "",
  "producthierarchy_level5": "",
  "producthierarchy_level6": "",
  "producthierarchy_level7": "",
  "currency": "Swiss franc",
  "file_name_1": "132367_1.jpg",
  "image_url_1": "https://sortiment.lidl.ch/media/catalog/product/cache/38c728e59b3a47950872534eff8a1e63/1/3/132367_PSXX_1.jpg"
},
{
  "_id": {
    "$oid": "66f3aa3ed23ade1eec55fffb"
  },
  "unique_id": "7404099",
  "product_name": "Toffee & Nuts",
  "brand": "Mister Choc",
  "regular_price": 1.59,
  "selling_price": 1.59,
  "price_per_unit": "pro 125g | 100g = 1.28 CHF",
  "breadcrumb": "Sortiment > Sortiment > Toffee & Nuts",
  "pdp_url": "https://sortiment.lidl.ch/de/toffee-nuts-7404099",
  "product_description": "Artikelnr.: 7404099",
  "producthierarchy_level1": "Sortiment",
  "producthierarchy_level2": "Sortiment",
  "producthierarchy_level3": "Toffee & Nuts",
  "producthierarchy_level4": "",
  "producthierarchy_level5": "",
  "producthierarchy_level6": "",
  "producthierarchy_level7": "",
  "currency": "Swiss franc",
  "file_name_1": "7404099_1.jpg",
  "image_url_1": "https://sortiment.lidl.ch/media/catalog/product/cache/38c728e59b3a47950872534eff8a1e63/7/4/7404099_PSXX.jpg"
},
{
  "_id": {
    "$oid": "66f3aa3fd23ade1eec55fffc"
  },
  "unique_id": "5103065",
  "product_name": "Munz Schoko-Bananen",
  "brand": "Munz",
  "regular_price": 1.19,
  "selling_price": 1.19,
  "price_per_unit": "pro 19g | 100g = 6.27 CHF",
  "breadcrumb": "Sortiment > Sortiment > Munz Schoko-Bananen",
  "pdp_url": "https://sortiment.lidl.ch/de/munz-schoko-bananen-5103065",
  "product_description": "Artikelnr.: 5103065",
  "producthierarchy_level1": "Sortiment",
  "producthierarchy_level2": "Sortiment",
  "producthierarchy_level3": "Munz Schoko-Bananen",
  "producthierarchy_level4": "",
  "producthierarchy_level5": "",
  "producthierarchy_level6": "",
  "producthierarchy_level7": "",
  "currency": "Swiss franc",
  "file_name_1": "5103065_1.jpg",
  "image_url_1": "https://sortiment.lidl.ch/media/catalog/product/cache/38c728e59b3a47950872534eff8a1e63/5/1/5103065_PSXX_1.jpg"
},
{
  "_id": {
    "$oid": "66f3aa40d23ade1eec55fffd"
  },
  "unique_id": "129437",
  "product_name": "Überraschungs Ei",
  "brand": "Mister Choc",
  "regular_price": 0.99,
  "selling_price": 0.99,
  "price_per_unit": "pro 20g | 100g = 4.95 CHF",
  "breadcrumb": "Sortiment > Sortiment > Überraschungs Ei",
  "pdp_url": "https://sortiment.lidl.ch/de/ueberraschungs-ei-0129437",
  "product_description": "Artikelnr.: 129437",
  "producthierarchy_level1": "Sortiment",
  "producthierarchy_level2": "Sortiment",
  "producthierarchy_level3": "Überraschungs Ei",
  "producthierarchy_level4": "",
  "producthierarchy_level5": "",
  "producthierarchy_level6": "",
  "producthierarchy_level7": "",
  "currency": "Swiss franc",
  "file_name_1": "129437_1.jpg",
  "image_url_1": "https://sortiment.lidl.ch/media/amasty/amoptmobile/catalog/product/cache/38c728e59b3a47950872534eff8a1e63/1/2/129437_PSXX.jpg"
},
{
  "_id": {
    "$oid": "66f3aa41d23ade1eec55fffe"
  },
  "unique_id": "2745",
  "product_name": "Maltesers",
  "brand": "",
  "regular_price": 1.29,
  "selling_price": 1.29,
  "price_per_unit": "pro 37g | 100g = 3.49 CHF",
  "breadcrumb": "Sortiment > Sortiment > Maltesers",
  "pdp_url": "https://sortiment.lidl.ch/de/maltesers-0002745",
  "product_description": "Artikelnr.: 2745",
  "producthierarchy_level1": "Sortiment",
  "producthierarchy_level2": "Sortiment",
  "producthierarchy_level3": "Maltesers",
  "producthierarchy_level4": "",
  "producthierarchy_level5": "",
  "producthierarchy_level6": "",
  "producthierarchy_level7": "",
  "currency": "Swiss franc",
  "file_name_1": "2745_1.jpg",
  "image_url_1": "https://sortiment.lidl.ch/media/catalog/product/cache/38c728e59b3a47950872534eff8a1e63/2/7/2745_PSXX.jpg"
},
{
  "_id": {
    "$oid": "66f3aa42d23ade1eec55ffff"
  },
  "unique_id": "2744",
  "product_name": "M&M's Peanut",
  "brand": "",
  "regular_price": 1.25,
  "selling_price": 1.25,
  "price_per_unit": "pro 45g | 100g = 2.78 CHF",
  "breadcrumb": "Sortiment > Sortiment > M&M's Peanut",
  "pdp_url": "https://sortiment.lidl.ch/de/m-m-s-peanut-0002744",
  "product_description": "Artikelnr.: 2744",
  "producthierarchy_level1": "Sortiment",
  "producthierarchy_level2": "Sortiment",
  "producthierarchy_level3": "M&M's Peanut",
  "producthierarchy_level4": "",
  "producthierarchy_level5": "",
  "producthierarchy_level6": "",
  "producthierarchy_level7": "",
  "currency": "Swiss franc",
  "file_name_1": "2744_1.jpg",
  "image_url_1": "https://sortiment.lidl.ch/media/catalog/product/cache/38c728e59b3a47950872534eff8a1e63/2/7/2744_PSXX.jpg"
},
{
  "_id": {
    "$oid": "66f3aa43d23ade1eec560000"
  },
  "unique_id": "121723",
  "product_name": "Kräuterbonbons ohne Zucker",
  "brand": "Amanie",
  "regular_price": 0.99,
  "selling_price": 0.99,
  "price_per_unit": "pro 125g | 100g = 0.80 CHF",
  "breadcrumb": "Sortiment > Sortiment > Kräuterbonbons ohne Zucker",
  "pdp_url": "https://sortiment.lidl.ch/de/kraeuterbonbons-ohne-zucker-0121723",
  "product_description": "Artikelnr.: 121723",
  "producthierarchy_level1": "Sortiment",
  "producthierarchy_level2": "Sortiment",
  "producthierarchy_level3": "Kräuterbonbons ohne Zucker",
  "producthierarchy_level4": "",
  "producthierarchy_level5": "",
  "producthierarchy_level6": "",
  "producthierarchy_level7": "",
  "currency": "Swiss franc",
  "file_name_1": "121723_1.jpg",
  "image_url_1": "https://sortiment.lidl.ch/media/catalog/product/cache/38c728e59b3a47950872534eff8a1e63/1/2/121723_Herbes_PSXX.jpg",
  "file_name_2": "121723_2.jpg",
  "image_url_2": "https://sortiment.lidl.ch/media/catalog/product/cache/38c728e59b3a47950872534eff8a1e63/1/2/121723_Holunder_PSXX.jpg",
  "file_name_3": "121723_3.jpg",
  "image_url_3": "https://sortiment.lidl.ch/media/catalog/product/cache/38c728e59b3a47950872534eff8a1e63/1/2/121723_Melisse_PSXX.jpg",
  "file_name_4": "121723_4.jpg",
  "image_url_4": "https://sortiment.lidl.ch/media/catalog/product/cache/38c728e59b3a47950872534eff8a1e63/1/2/121723_Salbei_PSXX.jpg"
},
{
  "_id": {
    "$oid": "66f3aa44d23ade1eec560001"
  },
  "unique_id": "2512",
  "product_name": "Ricola Bonbons ohne Zucker",
  "brand": "Ricola",
  "regular_price": 3.19,
  "selling_price": 3.19,
  "price_per_unit": "pro 50g | 100g = 6.38 CHF",
  "breadcrumb": "Sortiment > Sortiment > Ricola Bonbons ohne Zucker",
  "pdp_url": "https://sortiment.lidl.ch/de/ricola-bonbons-ohne-zucker-0002512",
  "product_description": "Artikelnr.: 2512",
  "producthierarchy_level1": "Sortiment",
  "producthierarchy_level2": "Sortiment",
  "producthierarchy_level3": "Ricola Bonbons ohne Zucker",
  "producthierarchy_level4": "",
  "producthierarchy_level5": "",
  "producthierarchy_level6": "",
  "producthierarchy_level7": "",
  "currency": "Swiss franc",
  "file_name_1": "2512_1.jpg",
  "image_url_1": "https://sortiment.lidl.ch/media/catalog/product/cache/38c728e59b3a47950872534eff8a1e63/2/5/2512_Alpenkreauter_PSXX.jpg",
  "file_name_2": "2512_2.jpg",
  "image_url_2": "https://sortiment.lidl.ch/media/catalog/product/cache/38c728e59b3a47950872534eff8a1e63/2/5/2512_Gletscherminze_PSXX.jpg",
  "file_name_3": "2512_3.jpg",
  "image_url_3": "https://sortiment.lidl.ch/media/catalog/product/cache/38c728e59b3a47950872534eff8a1e63/2/5/2512_Holunderbluete_PSXX.jpg",
  "file_name_4": "2512_4.jpg",
  "image_url_4": "https://sortiment.lidl.ch/media/catalog/product/cache/38c728e59b3a47950872534eff8a1e63/2/5/2512_Kreauter_Caramel_PSXX.jpg",
  "file_name_5": "2512_5.jpg",
  "image_url_5": "https://sortiment.lidl.ch/media/catalog/product/cache/38c728e59b3a47950872534eff8a1e63/2/5/2512_Zitronenmelisse_PSXX.jpg"
},
{
  "_id": {
    "$oid": "66f3aa46d23ade1eec560002"
  },
  "unique_id": "2511",
  "product_name": "Ricola Bonbons ohne Zucker",
  "brand": "Ricola",
  "regular_price": 4.55,
  "selling_price": 4.55,
  "price_per_unit": "pro 125g | 100g = 3.64 CHF",
  "breadcrumb": "Sortiment > Sortiment > Ricola Bonbons ohne Zucker",
  "pdp_url": "https://sortiment.lidl.ch/de/ricola-bonbons-ohne-zucker-0002511",
  "product_description": "Artikelnr.: 2511",
  "producthierarchy_level1": "Sortiment",
  "producthierarchy_level2": "Sortiment",
  "producthierarchy_level3": "Ricola Bonbons ohne Zucker",
  "producthierarchy_level4": "",
  "producthierarchy_level5": "",
  "producthierarchy_level6": "",
  "producthierarchy_level7": "",
  "currency": "Swiss franc",
  "file_name_1": "2511_1.jpg",
  "image_url_1": "https://sortiment.lidl.ch/media/catalog/product/cache/38c728e59b3a47950872534eff8a1e63/2/5/2511_GletscherminzeBeutel_PSXX.jpg",
  "file_name_2": "2511_2.jpg",
  "image_url_2": "https://sortiment.lidl.ch/media/catalog/product/cache/38c728e59b3a47950872534eff8a1e63/2/5/2511_Gletscherminze_PSXX.jpg",
  "file_name_3": "2511_3.jpg",
  "image_url_3": "https://sortiment.lidl.ch/media/catalog/product/cache/38c728e59b3a47950872534eff8a1e63/2/5/2511_Holunderbluete_Beutel_PSXX.jpg",
  "file_name_4": "2511_4.jpg",
  "image_url_4": "https://sortiment.lidl.ch/media/catalog/product/cache/38c728e59b3a47950872534eff8a1e63/2/5/2511_Holunderbluete_PSXX.jpg",
  "file_name_5": "2511_5.jpg",
  "image_url_5": "https://sortiment.lidl.ch/media/catalog/product/cache/38c728e59b3a47950872534eff8a1e63/2/5/2511_Zitronenmelisse_PSXX.jpg",
  "file_name_6": "2511_6.jpg",
  "image_url_6": "https://sortiment.lidl.ch/media/catalog/product/cache/38c728e59b3a47950872534eff8a1e63/2/5/2511_Zitronenmelisse_PSXX_001.jpg"
},
{
  "_id": {
    "$oid": "66f3aa47d23ade1eec560003"
  },
  "unique_id": "7400179",
  "product_name": "Mallow Cocktail",
  "brand": "Sweet Corner",
  "regular_price": 1.99,
  "selling_price": 1.99,
  "price_per_unit": "pro 300g | 100g = 0.67 CHF",
  "breadcrumb": "Sortiment > Sortiment > Mallow Cocktail",
  "pdp_url": "https://sortiment.lidl.ch/de/mallow-cocktail-7400179",
  "product_description": "Artikelnr.: 7400179",
  "producthierarchy_level1": "Sortiment",
  "producthierarchy_level2": "Sortiment",
  "producthierarchy_level3": "Mallow Cocktail",
  "producthierarchy_level4": "",
  "producthierarchy_level5": "",
  "producthierarchy_level6": "",
  "producthierarchy_level7": "",
  "currency": "Swiss franc",
  "file_name_1": "7400179_1.jpg",
  "image_url_1": "https://sortiment.lidl.ch/media/catalog/product/cache/38c728e59b3a47950872534eff8a1e63/7/4/7400179_PSXX.jpg"
},
{
  "_id": {
    "$oid": "66f3aa48d23ade1eec560004"
  },
  "unique_id": "146114",
  "product_name": "Fruchtkaubonbon Mix",
  "brand": "Sweet Corner",
  "regular_price": 2.99,
  "selling_price": 2.99,
  "price_per_unit": "pro 400g | 100g = 0.92, 0.75 CHF",
  "breadcrumb": "Sortiment > Sortiment > Fruchtkaubonbon Mix",
  "pdp_url": "https://sortiment.lidl.ch/de/fruchtkaubonbon-mix-0146114",
  "product_description": "Artikelnr.: 146114",
  "producthierarchy_level1": "Sortiment",
  "producthierarchy_level2": "Sortiment",
  "producthierarchy_level3": "Fruchtkaubonbon Mix",
  "producthierarchy_level4": "",
  "producthierarchy_level5": "",
  "producthierarchy_level6": "",
  "producthierarchy_level7": "",
  "currency": "Swiss franc",
  "file_name_1": "146114_1.jpg",
  "image_url_1": "https://sortiment.lidl.ch/media/catalog/product/cache/38c728e59b3a47950872534eff8a1e63/1/4/146114_PSXX.jpg"
},
{
  "_id": {
    "$oid": "66f3aa49d23ade1eec560005"
  },
  "unique_id": "57680",
  "product_name": "Rahm-Karamell-Bonbons",
  "brand": "Sweet Corner",
  "regular_price": 1.79,
  "selling_price": 1.79,
  "price_per_unit": "pro 200g | 100g = 0.90 CHF",
  "breadcrumb": "Sortiment > Sortiment > Rahm-Karamell-Bonbons",
  "pdp_url": "https://sortiment.lidl.ch/de/rahm-karamell-bonbons-0057680",
  "product_description": "Artikelnr.: 57680",
  "producthierarchy_level1": "Sortiment",
  "producthierarchy_level2": "Sortiment",
  "producthierarchy_level3": "Rahm-Karamell-Bonbons",
  "producthierarchy_level4": "",
  "producthierarchy_level5": "",
  "producthierarchy_level6": "",
  "producthierarchy_level7": "",
  "currency": "Swiss franc",
  "file_name_1": "57680_1.jpg",
  "image_url_1": "https://sortiment.lidl.ch/media/catalog/product/cache/38c728e59b3a47950872534eff8a1e63/5/7/57680_PSXX.jpg"
},
{
  "_id": {
    "$oid": "66f3aa4ad23ade1eec560006"
  },
  "unique_id": "38430",
  "product_name": "Fruchtkaubonbons",
  "brand": "Sweet Corner",
  "regular_price": 2.99,
  "selling_price": 2.99,
  "price_per_unit": "pro 500g | 100g = 0.60 CHF",
  "breadcrumb": "Sortiment > Sortiment > Fruchtkaubonbons",
  "pdp_url": "https://sortiment.lidl.ch/de/fruchtkaubonbons-0038430",
  "product_description": "Artikelnr.: 38430",
  "producthierarchy_level1": "Sortiment",
  "producthierarchy_level2": "Sortiment",
  "producthierarchy_level3": "Fruchtkaubonbons",
  "producthierarchy_level4": "",
  "producthierarchy_level5": "",
  "producthierarchy_level6": "",
  "producthierarchy_level7": "",
  "currency": "Swiss franc",
  "file_name_1": "38430_1.jpg",
  "image_url_1": "https://sortiment.lidl.ch/media/catalog/product/cache/38c728e59b3a47950872534eff8a1e63/3/8/38430_PSXX.jpg"
},
{
  "_id": {
    "$oid": "66f3aa4bd23ade1eec560007"
  },
  "unique_id": "24524",
  "product_name": "Sahne-Toffee",
  "brand": "Sweet Corner",
  "regular_price": 2.95,
  "selling_price": 2.95,
  "price_per_unit": "pro 400g | 100g = 0.74 CHF",
  "breadcrumb": "Sortiment > Sortiment > Sahne-Toffee",
  "pdp_url": "https://sortiment.lidl.ch/de/sahne-toffee-0024524",
  "product_description": "Artikelnr.: 24524",
  "producthierarchy_level1": "Sortiment",
  "producthierarchy_level2": "Sortiment",
  "producthierarchy_level3": "Sahne-Toffee",
  "producthierarchy_level4": "",
  "producthierarchy_level5": "",
  "producthierarchy_level6": "",
  "producthierarchy_level7": "",
  "currency": "Swiss franc",
  "file_name_1": "24524_1.jpg",
  "image_url_1": "https://sortiment.lidl.ch/media/catalog/product/cache/38c728e59b3a47950872534eff8a1e63/2/4/24524_PSXX.jpg"
},
{
  "_id": {
    "$oid": "66f3aa4cd23ade1eec560008"
  },
  "unique_id": "2734",
  "product_name": "PEZ Spender",
  "brand": "PEZ",
  "regular_price": 2.69,
  "selling_price": 2.69,
  "price_per_unit": "pro 81g | 100g = 3.33 CHF",
  "breadcrumb": "Sortiment > Sortiment > PEZ Spender",
  "pdp_url": "https://sortiment.lidl.ch/de/pez-spender-0002734",
  "product_description": "Artikelnr.: 2734",
  "producthierarchy_level1": "Sortiment",
  "producthierarchy_level2": "Sortiment",
  "producthierarchy_level3": "PEZ Spender",
  "producthierarchy_level4": "",
  "producthierarchy_level5": "",
  "producthierarchy_level6": "",
  "producthierarchy_level7": "",
  "currency": "Swiss franc",
  "file_name_1": "2734_1.jpg",
  "image_url_1": "https://sortiment.lidl.ch/media/catalog/product/cache/38c728e59b3a47950872534eff8a1e63/2/7/2734_DinseyAnimals_PSXX.jpg",
  "file_name_2": "2734_2.jpg",
  "image_url_2": "https://sortiment.lidl.ch/media/catalog/product/cache/38c728e59b3a47950872534eff8a1e63/2/7/2734_Frozen_PSXX.jpg",
  "file_name_3": "2734_3.jpg",
  "image_url_3": "https://sortiment.lidl.ch/media/catalog/product/cache/38c728e59b3a47950872534eff8a1e63/2/7/2734_FruitMix_PSXX.jpg",
  "file_name_4": "2734_4.jpg",
  "image_url_4": "https://sortiment.lidl.ch/media/catalog/product/cache/38c728e59b3a47950872534eff8a1e63/2/7/2734_HelloKitty_PSXX.jpg",
  "file_name_5": "2734_5.jpg",
  "image_url_5": "https://sortiment.lidl.ch/media/catalog/product/cache/38c728e59b3a47950872534eff8a1e63/2/7/2734_MickeyMinnie_PSXX.jpg",
  "file_name_6": "2734_6.jpg",
  "image_url_6": "https://sortiment.lidl.ch/media/catalog/product/cache/38c728e59b3a47950872534eff8a1e63/2/7/2734_Minions_PSXX.jpg",
  "file_name_7": "2734_7.jpg",
  "image_url_7": "https://sortiment.lidl.ch/media/catalog/product/cache/38c728e59b3a47950872534eff8a1e63/2/7/2734_PEZmojis_PSXX.jpg",
  "file_name_8": "2734_8.jpg",
  "image_url_8": "https://sortiment.lidl.ch/media/catalog/product/cache/38c728e59b3a47950872534eff8a1e63/2/7/2734_PawPatrol_PSXX.jpg",
  "file_name_9": "2734_9.jpg",
  "image_url_9": "https://sortiment.lidl.ch/media/catalog/product/cache/38c728e59b3a47950872534eff8a1e63/2/7/2734_Princess_PSXX.jpg",
  "file_name_10": "2734_10.jpg",
  "image_url_10": "https://sortiment.lidl.ch/media/catalog/product/cache/38c728e59b3a47950872534eff8a1e63/2/7/2734_Spiderman_PSXX.jpg",
  "file_name_11": "2734_11.jpg",
  "image_url_11": "https://sortiment.lidl.ch/media/catalog/product/cache/38c728e59b3a47950872534eff8a1e63/2/7/2734_Super_Mario_PSXX.jpg"
},
{
  "_id": {
    "$oid": "66f3aa4dd23ade1eec560009"
  },
  "unique_id": "21806",
  "product_name": "Fertigkuchen-Backmischung",
  "brand": "Belbake",
  "regular_price": 1.69,
  "selling_price": 1.69,
  "price_per_unit": "pro 360g, 405g, 475g, 485g | 100g = 0.47 bis 0.35",
  "breadcrumb": "Sortiment > Sortiment > Fertigkuchen-Backmischung",
  "pdp_url": "https://sortiment.lidl.ch/de/fertigkuchen-backmischung-0021806",
  "product_description": "Artikelnr.: 21806",
  "producthierarchy_level1": "Sortiment",
  "producthierarchy_level2": "Sortiment",
  "producthierarchy_level3": "Fertigkuchen-Backmischung",
  "producthierarchy_level4": "",
  "producthierarchy_level5": "",
  "producthierarchy_level6": "",
  "producthierarchy_level7": "",
  "currency": "Swiss franc",
  "file_name_1": "21806_1.jpg",
  "image_url_1": "https://sortiment.lidl.ch/media/catalog/product/cache/38c728e59b3a47950872534eff8a1e63/2/1/21806_Brownies_PSXX.jpg",
  "file_name_2": "21806_2.jpg",
  "image_url_2": "https://sortiment.lidl.ch/media/catalog/product/cache/38c728e59b3a47950872534eff8a1e63/2/1/21806_Marmor_PSXX.jpg",
  "file_name_3": "21806_3.jpg",
  "image_url_3": "https://sortiment.lidl.ch/media/catalog/product/cache/38c728e59b3a47950872534eff8a1e63/2/1/21806_SchokoDunkel_PSXX.jpg",
  "file_name_4": "21806_4.jpg",
  "image_url_4": "https://sortiment.lidl.ch/media/catalog/product/cache/38c728e59b3a47950872534eff8a1e63/2/1/21806_Schokolade_PSXX.jpg",
  "file_name_5": "21806_5.jpg",
  "image_url_5": "https://sortiment.lidl.ch/media/catalog/product/cache/38c728e59b3a47950872534eff8a1e63/2/1/21806_Zitronen_PSXX.jpg"
},
{
  "_id": {
    "$oid": "66f3aa4ed23ade1eec56000a"
  },
  "unique_id": "21818",
  "product_name": "Vanillin-Zucker",
  "brand": "Belbake",
  "regular_price": 0.49,
  "selling_price": 0.49,
  "price_per_unit": "pro 80g | 100g = 0.62 CHF",
  "breadcrumb": "Sortiment > Sortiment > Vanillin-Zucker",
  "pdp_url": "https://sortiment.lidl.ch/de/vanillin-zucker-0021818",
  "product_description": "Artikelnr.: 21818",
  "producthierarchy_level1": "Sortiment",
  "producthierarchy_level2": "Sortiment",
  "producthierarchy_level3": "Vanillin-Zucker",
  "producthierarchy_level4": "",
  "producthierarchy_level5": "",
  "producthierarchy_level6": "",
  "producthierarchy_level7": "",
  "currency": "Swiss franc",
  "file_name_1": "21818_1.jpg",
  "image_url_1": "https://sortiment.lidl.ch/media/catalog/product/cache/38c728e59b3a47950872534eff8a1e63/2/1/21818_PSXX.jpg"
},
{
  "_id": {
    "$oid": "66f3aa4fd23ade1eec56000b"
  },
  "unique_id": "5107593",
  "product_name": "Zwicky Hartweizengriess / Maisgriess",
  "brand": "Zwicky",
  "regular_price": 1.95,
  "selling_price": 1.95,
  "price_per_unit": "pro 500g | 100g = 0.39 CHF",
  "breadcrumb": "Sortiment > Sortiment > Zwicky Hartweizengriess / Maisgriess",
  "pdp_url": "https://sortiment.lidl.ch/de/zwicky-hartweizengriess-maisgriess-5107593",
  "product_description": "Artikelnr.: 5107593",
  "producthierarchy_level1": "Sortiment",
  "producthierarchy_level2": "Sortiment",
  "producthierarchy_level3": "Zwicky Hartweizengriess / Maisgriess",
  "producthierarchy_level4": "",
  "producthierarchy_level5": "",
  "producthierarchy_level6": "",
  "producthierarchy_level7": "",
  "currency": "Swiss franc",
  "file_name_1": "5107593_1.jpg",
  "image_url_1": "https://sortiment.lidl.ch/media/catalog/product/cache/38c728e59b3a47950872534eff8a1e63/5/1/5107593_Hartweizengriess_PSXX_1.jpg",
  "file_name_2": "5107593_2.jpg",
  "image_url_2": "https://sortiment.lidl.ch/media/catalog/product/cache/38c728e59b3a47950872534eff8a1e63/5/1/5107593_Maisgriess_PSXX_1.jpg"
},
{
  "_id": {
    "$oid": "66f3aa50d23ade1eec56000c"
  },
  "unique_id": "139500",
  "product_name": "Süssstoff-Tabletten",
  "brand": "Belbake",
  "regular_price": 1.99,
  "selling_price": 1.99,
  "price_per_unit": "pro 72g | 100g = 2.77 CHF",
  "breadcrumb": "Sortiment > Sortiment > Süssstoff-Tabletten",
  "pdp_url": "https://sortiment.lidl.ch/de/suessstoff-tabletten-0139500",
  "product_description": "Artikelnr.: 139500",
  "producthierarchy_level1": "Sortiment",
  "producthierarchy_level2": "Sortiment",
  "producthierarchy_level3": "Süssstoff-Tabletten",
  "producthierarchy_level4": "",
  "producthierarchy_level5": "",
  "producthierarchy_level6": "",
  "producthierarchy_level7": "",
  "currency": "Swiss franc",
  "file_name_1": "139500_1.jpg",
  "image_url_1": "https://sortiment.lidl.ch/media/catalog/product/cache/38c728e59b3a47950872534eff8a1e63/1/3/139500_PSXX.jpg"
},
{
  "_id": {
    "$oid": "66f3aa51d23ade1eec56000d"
  },
  "unique_id": "70432",
  "product_name": "Trockenhefe",
  "brand": "Belbake",
  "regular_price": 0.85,
  "selling_price": 0.85,
  "price_per_unit": "pro 42g | 100g = 2.03 CHF",
  "breadcrumb": "Sortiment > Sortiment > Trockenhefe",
  "pdp_url": "https://sortiment.lidl.ch/de/trockenhefe-0070432",
  "product_description": "Artikelnr.: 70432",
  "producthierarchy_level1": "Sortiment",
  "producthierarchy_level2": "Sortiment",
  "producthierarchy_level3": "Trockenhefe",
  "producthierarchy_level4": "",
  "producthierarchy_level5": "",
  "producthierarchy_level6": "",
  "producthierarchy_level7": "",
  "currency": "Swiss franc",
  "file_name_1": "70432_1.jpg",
  "image_url_1": "https://sortiment.lidl.ch/media/catalog/product/cache/38c728e59b3a47950872534eff8a1e63/7/0/70432_PSXX.jpg"
},
{
  "_id": {
    "$oid": "66f3aa52d23ade1eec56000e"
  },
  "unique_id": "21817",
  "product_name": "Backpulver",
  "brand": "Belbake",
  "regular_price": 0.49,
  "selling_price": 0.49,
  "price_per_unit": "pro 150g | 100g = 0.33 CHF",
  "breadcrumb": "Sortiment > Sortiment > Backpulver",
  "pdp_url": "https://sortiment.lidl.ch/de/backpulver-0021817",
  "product_description": "Artikelnr.: 21817",
  "producthierarchy_level1": "Sortiment",
  "producthierarchy_level2": "Sortiment",
  "producthierarchy_level3": "Backpulver",
  "producthierarchy_level4": "",
  "producthierarchy_level5": "",
  "producthierarchy_level6": "",
  "producthierarchy_level7": "",
  "currency": "Swiss franc",
  "file_name_1": "21817_1.jpg",
  "image_url_1": "https://sortiment.lidl.ch/media/catalog/product/cache/38c728e59b3a47950872534eff8a1e63/2/1/21817_PSXX.jpg"
},
{
  "_id": {
    "$oid": "66f3aa54d23ade1eec56000f"
  },
  "unique_id": "1469",
  "product_name": "Maizena Maisstärke",
  "brand": "Maizena",
  "regular_price": 2.19,
  "selling_price": 2.19,
  "price_per_unit": "pro 250g | 100g = 0.88 CHF",
  "breadcrumb": "Sortiment > Sortiment > Maizena Maisstärke",
  "pdp_url": "https://sortiment.lidl.ch/de/maizena-maisstaerke-0001469",
  "product_description": "Artikelnr.: 1469",
  "producthierarchy_level1": "Sortiment",
  "producthierarchy_level2": "Sortiment",
  "producthierarchy_level3": "Maizena Maisstärke",
  "producthierarchy_level4": "",
  "producthierarchy_level5": "",
  "producthierarchy_level6": "",
  "producthierarchy_level7": "",
  "currency": "Swiss franc",
  "file_name_1": "1469_1.jpg",
  "image_url_1": "https://sortiment.lidl.ch/media/catalog/product/cache/38c728e59b3a47950872534eff8a1e63/1/4/1469_PSXX.jpg"
},
{
  "_id": {
    "$oid": "66f3aa55d23ade1eec560010"
  },
  "unique_id": "1269",
  "product_name": "Feinkristallzucker",
  "brand": "",
  "regular_price": 1.59,
  "selling_price": 1.59,
  "price_per_unit": "pro 1kg",
  "breadcrumb": "Sortiment > Sortiment > Feinkristallzucker",
  "pdp_url": "https://sortiment.lidl.ch/de/feinkristallzucker-0001269",
  "product_description": "Artikelnr.: 1269",
  "producthierarchy_level1": "Sortiment",
  "producthierarchy_level2": "Sortiment",
  "producthierarchy_level3": "Feinkristallzucker",
  "producthierarchy_level4": "",
  "producthierarchy_level5": "",
  "producthierarchy_level6": "",
  "producthierarchy_level7": "",
  "currency": "Swiss franc",
  "file_name_1": "1269_1.jpg",
  "image_url_1": "https://sortiment.lidl.ch/media/catalog/product/cache/38c728e59b3a47950872534eff8a1e63/1/2/1269_PSXX.jpg"
},
{
  "_id": {
    "$oid": "66f3aa56d23ade1eec560011"
  },
  "unique_id": "5103068",
  "product_name": "Terra Natura Weissmehl",
  "brand": "Belbake",
  "regular_price": 1.69,
  "selling_price": 1.69,
  "price_per_unit": "pro 1kg",
  "breadcrumb": "Sortiment > Sortiment > Terra Natura Weissmehl",
  "pdp_url": "https://sortiment.lidl.ch/de/terra-natura-weissmehl-5103068",
  "product_description": "Artikelnr.: 5103068",
  "producthierarchy_level1": "Sortiment",
  "producthierarchy_level2": "Sortiment",
  "producthierarchy_level3": "Terra Natura Weissmehl",
  "producthierarchy_level4": "",
  "producthierarchy_level5": "",
  "producthierarchy_level6": "",
  "producthierarchy_level7": "",
  "currency": "Swiss franc",
  "file_name_1": "5103068_1.jpg",
  "image_url_1": "https://sortiment.lidl.ch/media/catalog/product/cache/38c728e59b3a47950872534eff8a1e63/5/1/5103068_Kolli_PSXX.jpg",
  "file_name_2": "5103068_2.jpg",
  "image_url_2": "https://sortiment.lidl.ch/media/catalog/product/cache/38c728e59b3a47950872534eff8a1e63/5/1/5103068_PSXX_3.jpg"
},
{
  "_id": {
    "$oid": "66f3aa57d23ade1eec560012"
  },
  "unique_id": "1342",
  "product_name": "Terra Natura Ruchmehl",
  "brand": "Belbake",
  "regular_price": 2.19,
  "selling_price": 2.19,
  "price_per_unit": "pro 100g",
  "breadcrumb": "Sortiment > Sortiment > Terra Natura Ruchmehl",
  "pdp_url": "https://sortiment.lidl.ch/de/terra-natura-ruchmehl-0001342",
  "product_description": "Artikelnr.: 1342",
  "producthierarchy_level1": "Sortiment",
  "producthierarchy_level2": "Sortiment",
  "producthierarchy_level3": "Terra Natura Ruchmehl",
  "producthierarchy_level4": "",
  "producthierarchy_level5": "",
  "producthierarchy_level6": "",
  "producthierarchy_level7": "",
  "currency": "Swiss franc",
  "file_name_1": "1342_1.jpg",
  "image_url_1": "https://sortiment.lidl.ch/media/catalog/product/cache/38c728e59b3a47950872534eff8a1e63/1/3/1342_PSXX.jpg"
},
{
  "_id": {
    "$oid": "66f3aa58d23ade1eec560013"
  },
  "unique_id": "1341",
  "product_name": "Terra Natura Zopfmehl",
  "brand": "Belbake",
  "regular_price": 1.99,
  "selling_price": 1.99,
  "price_per_unit": "pro 1kg",
  "breadcrumb": "Sortiment > Sortiment > Terra Natura Zopfmehl",
  "pdp_url": "https://sortiment.lidl.ch/de/terra-natura-zopfmehl-0001341",
  "product_description": "Artikelnr.: 1341",
  "producthierarchy_level1": "Sortiment",
  "producthierarchy_level2": "Sortiment",
  "producthierarchy_level3": "Terra Natura Zopfmehl",
  "producthierarchy_level4": "",
  "producthierarchy_level5": "",
  "producthierarchy_level6": "",
  "producthierarchy_level7": "",
  "currency": "Swiss franc",
  "file_name_1": "1341_1.jpg",
  "image_url_1": "https://sortiment.lidl.ch/media/catalog/product/cache/38c728e59b3a47950872534eff8a1e63/1/3/1341_PSXX.jpg"
},
{
  "_id": {
    "$oid": "66f3aa59d23ade1eec560014"
  },
  "unique_id": "1340",
  "product_name": "Weissmehl revitaminisiert",
  "brand": "Belbake",
  "regular_price": 1.29,
  "selling_price": 1.29,
  "price_per_unit": "pro 1kg",
  "breadcrumb": "Sortiment > Sortiment > Weissmehl revitaminisiert",
  "pdp_url": "https://sortiment.lidl.ch/de/weissmehl-revitaminisiert-0001340",
  "product_description": "Artikelnr.: 1340",
  "producthierarchy_level1": "Sortiment",
  "producthierarchy_level2": "Sortiment",
  "producthierarchy_level3": "Weissmehl revitaminisiert",
  "producthierarchy_level4": "",
  "producthierarchy_level5": "",
  "producthierarchy_level6": "",
  "producthierarchy_level7": "",
  "currency": "Swiss franc",
  "file_name_1": "1340_1.jpg",
  "image_url_1": "https://sortiment.lidl.ch/media/catalog/product/cache/38c728e59b3a47950872534eff8a1e63/1/3/1340_PSXX.jpg"
},
{
  "_id": {
    "$oid": "66f3aa5ad23ade1eec560015"
  },
  "unique_id": "1339",
  "product_name": "Weissmehl",
  "brand": "Belbake",
  "regular_price": 0.99,
  "selling_price": 0.99,
  "price_per_unit": "pro 1kg",
  "breadcrumb": "Sortiment > Sortiment > Weissmehl",
  "pdp_url": "https://sortiment.lidl.ch/de/weissmehl-0001339",
  "product_description": "Artikelnr.: 1339",
  "producthierarchy_level1": "Sortiment",
  "producthierarchy_level2": "Sortiment",
  "producthierarchy_level3": "Weissmehl",
  "producthierarchy_level4": "",
  "producthierarchy_level5": "",
  "producthierarchy_level6": "",
  "producthierarchy_level7": "",
  "currency": "Swiss franc",
  "file_name_1": "1339_1.jpg",
  "image_url_1": "https://sortiment.lidl.ch/media/catalog/product/cache/38c728e59b3a47950872534eff8a1e63/1/3/1339_PSXX.jpg"
},
{
  "_id": {
    "$oid": "66f3aa5bd23ade1eec560016"
  },
  "unique_id": "1271",
  "product_name": "Puderzucker",
  "brand": "",
  "regular_price": 1.55,
  "selling_price": 1.55,
  "price_per_unit": "pro 500g | 100g = 0.31 CHF",
  "breadcrumb": "Sortiment > Sortiment > Puderzucker",
  "pdp_url": "https://sortiment.lidl.ch/de/puderzucker-0001271",
  "product_description": "Artikelnr.: 1271",
  "producthierarchy_level1": "Sortiment",
  "producthierarchy_level2": "Sortiment",
  "producthierarchy_level3": "Puderzucker",
  "producthierarchy_level4": "",
  "producthierarchy_level5": "",
  "producthierarchy_level6": "",
  "producthierarchy_level7": "",
  "currency": "Swiss franc",
  "file_name_1": "1271_1.jpg",
  "image_url_1": "https://sortiment.lidl.ch/media/catalog/product/cache/38c728e59b3a47950872534eff8a1e63/1/2/1271_PSXX.jpg"
},
{
  "_id": {
    "$oid": "66f3aa5cd23ade1eec560017"
  },
  "unique_id": "1270",
  "product_name": "Würfelzucker",
  "brand": "",
  "regular_price": 2.29,
  "selling_price": 2.29,
  "price_per_unit": "pro 1kg",
  "breadcrumb": "Sortiment > Sortiment > Würfelzucker",
  "pdp_url": "https://sortiment.lidl.ch/de/wuerfelzucker-0001270",
  "product_description": "Artikelnr.: 1270",
  "producthierarchy_level1": "Sortiment",
  "producthierarchy_level2": "Sortiment",
  "producthierarchy_level3": "Würfelzucker",
  "producthierarchy_level4": "",
  "producthierarchy_level5": "",
  "producthierarchy_level6": "",
  "producthierarchy_level7": "",
  "currency": "Swiss franc",
  "file_name_1": "1270_1.jpg",
  "image_url_1": "https://sortiment.lidl.ch/media/catalog/product/cache/38c728e59b3a47950872534eff8a1e63/1/2/1270_PSXX.jpg"
},
{
  "_id": {
    "$oid": "66f3aa5dd23ade1eec560018"
  },
  "unique_id": "1037",
  "product_name": "JuraSel Salz",
  "brand": "JuraSel",
  "regular_price": 1.05,
  "selling_price": 1.05,
  "price_per_unit": "pro 1kg",
  "breadcrumb": "Sortiment > Sortiment > JuraSel Salz",
  "pdp_url": "https://sortiment.lidl.ch/de/jurasel-salz-0001037",
  "product_description": "Artikelnr.: 1037",
  "producthierarchy_level1": "Sortiment",
  "producthierarchy_level2": "Sortiment",
  "producthierarchy_level3": "JuraSel Salz",
  "producthierarchy_level4": "",
  "producthierarchy_level5": "",
  "producthierarchy_level6": "",
  "producthierarchy_level7": "",
  "currency": "Swiss franc",
  "file_name_1": "1037_1.jpg",
  "image_url_1": "https://sortiment.lidl.ch/media/catalog/product/cache/38c728e59b3a47950872534eff8a1e63/1/0/1037_PSXX.jpg"
},
{
  "_id": {
    "$oid": "66f3aa5ed23ade1eec560019"
  },
  "unique_id": "63265",
  "product_name": "Bio Nudeln",
  "brand": "Combino",
  "regular_price": 1.19,
  "selling_price": 1.19,
  "price_per_unit": "pro 500g | 100g = 0.24 CHF",
  "breadcrumb": "Sortiment > Sortiment > Bio Nudeln",
  "pdp_url": "https://sortiment.lidl.ch/de/bio-nudeln-0063265",
  "product_description": "Artikelnr.: 63265",
  "producthierarchy_level1": "Sortiment",
  "producthierarchy_level2": "Sortiment",
  "producthierarchy_level3": "Bio Nudeln",
  "producthierarchy_level4": "",
  "producthierarchy_level5": "",
  "producthierarchy_level6": "",
  "producthierarchy_level7": "",
  "currency": "Swiss franc",
  "file_name_1": "63265_1.jpg",
  "image_url_1": "https://sortiment.lidl.ch/media/catalog/product/cache/38c728e59b3a47950872534eff8a1e63/6/3/63265_Farfalle_PSXX.jpg",
  "file_name_2": "63265_2.jpg",
  "image_url_2": "https://sortiment.lidl.ch/media/catalog/product/cache/38c728e59b3a47950872534eff8a1e63/6/3/63265_Fusilli_PSXX.jpg",
  "file_name_3": "63265_3.jpg",
  "image_url_3": "https://sortiment.lidl.ch/media/catalog/product/cache/38c728e59b3a47950872534eff8a1e63/6/3/63265_Penne_Integrali_PSXX.jpg",
  "file_name_4": "63265_4.jpg",
  "image_url_4": "https://sortiment.lidl.ch/media/catalog/product/cache/38c728e59b3a47950872534eff8a1e63/6/3/63265_Penne_Rigate_PSXX.jpg"
},
{
  "_id": {
    "$oid": "66f3aa5fd23ade1eec56001a"
  },
  "unique_id": "7701123",
  "product_name": "Teigwaren glutenfrei",
  "brand": "Combino",
  "regular_price": 1.89,
  "selling_price": 1.89,
  "price_per_unit": "pro 500g | 100g = 0.38 CHF",
  "breadcrumb": "Sortiment > Sortiment > Teigwaren glutenfrei",
  "pdp_url": "https://sortiment.lidl.ch/de/teigwaren-glutenfrei-7701123",
  "product_description": "Artikelnr.: 7701123",
  "producthierarchy_level1": "Sortiment",
  "producthierarchy_level2": "Sortiment",
  "producthierarchy_level3": "Teigwaren glutenfrei",
  "producthierarchy_level4": "",
  "producthierarchy_level5": "",
  "producthierarchy_level6": "",
  "producthierarchy_level7": "",
  "currency": "Swiss franc",
  "file_name_1": "7701123_1.jpg",
  "image_url_1": "https://sortiment.lidl.ch/media/catalog/product/cache/38c728e59b3a47950872534eff8a1e63/7/7/7701123_Fusilli_PSXX_3.jpg",
  "file_name_2": "7701123_2.jpg",
  "image_url_2": "https://sortiment.lidl.ch/media/catalog/product/cache/38c728e59b3a47950872534eff8a1e63/7/7/7701123_Penne_PSXX_3.jpg",
  "file_name_3": "7701123_3.jpg",
  "image_url_3": "https://sortiment.lidl.ch/media/catalog/product/cache/38c728e59b3a47950872534eff8a1e63/7/7/7701123_Spaghetti_PSXX_3.jpg"
},
{
  "_id": {
    "$oid": "66f3aa60d23ade1eec56001b"
  },
  "unique_id": "127393",
  "product_name": "Bio Spaghetti",
  "brand": "Combino",
  "regular_price": 1.19,
  "selling_price": 1.19,
  "price_per_unit": "pro 500g | 100g = 0.24 CHF",
  "breadcrumb": "Sortiment > Sortiment > Bio Spaghetti",
  "pdp_url": "https://sortiment.lidl.ch/de/bio-spaghetti-0127393",
  "product_description": "Artikelnr.: 127393",
  "producthierarchy_level1": "Sortiment",
  "producthierarchy_level2": "Sortiment",
  "producthierarchy_level3": "Bio Spaghetti",
  "producthierarchy_level4": "",
  "producthierarchy_level5": "",
  "producthierarchy_level6": "",
  "producthierarchy_level7": "",
  "currency": "Swiss franc",
  "file_name_1": "127393_1.jpg",
  "image_url_1": "https://sortiment.lidl.ch/media/amasty/amoptmobile/catalog/product/cache/38c728e59b3a47950872534eff8a1e63/1/2/127393_Vollkorn_PSXX.jpg",
  "file_name_2": "127393_2.jpg",
  "image_url_2": "https://sortiment.lidl.ch/media/catalog/product/cache/38c728e59b3a47950872534eff8a1e63/1/2/127393_Weizen_PSXX.jpg"
},
{
  "_id": {
    "$oid": "66f3aa61d23ade1eec56001c"
  },
  "unique_id": "5104312",
  "product_name": "Bschüssig Teigwaren",
  "brand": "Bschüssig",
  "regular_price": 3.45,
  "selling_price": 3.45,
  "price_per_unit": "pro 500g | 100g = 0.69 CHF",
  "breadcrumb": "Sortiment > Sortiment > Bschüssig Teigwaren",
  "pdp_url": "https://sortiment.lidl.ch/de/bschuessig-teigwaren-5104312",
  "product_description": "Artikelnr.: 5104312",
  "producthierarchy_level1": "Sortiment",
  "producthierarchy_level2": "Sortiment",
  "producthierarchy_level3": "Bschüssig Teigwaren",
  "producthierarchy_level4": "",
  "producthierarchy_level5": "",
  "producthierarchy_level6": "",
  "producthierarchy_level7": "",
  "currency": "Swiss franc",
  "file_name_1": "5104312_1.jpg",
  "image_url_1": "https://sortiment.lidl.ch/media/catalog/product/cache/38c728e59b3a47950872534eff8a1e63/5/1/5104312_AelplerMagronen_PSXX_1.jpg",
  "file_name_2": "5104312_2.jpg",
  "image_url_2": "https://sortiment.lidl.ch/media/catalog/product/cache/38c728e59b3a47950872534eff8a1e63/5/1/5104312_Buchstaben_PSXX_1.jpg",
  "file_name_3": "5104312_3.jpg",
  "image_url_3": "https://sortiment.lidl.ch/media/catalog/product/cache/38c728e59b3a47950872534eff8a1e63/5/1/5104312_Fideli_PSXX_1.jpg",
  "file_name_4": "5104312_4.jpg",
  "image_url_4": "https://sortiment.lidl.ch/media/catalog/product/cache/38c728e59b3a47950872534eff8a1e63/5/1/5104312_Krawaettli_PSXX_1.jpg",
  "file_name_5": "5104312_5.jpg",
  "image_url_5": "https://sortiment.lidl.ch/media/catalog/product/cache/38c728e59b3a47950872534eff8a1e63/5/1/5104312_Makkaroni_PSXX_1.jpg",
  "file_name_6": "5104312_6.jpg",
  "image_url_6": "https://sortiment.lidl.ch/media/catalog/product/cache/38c728e59b3a47950872534eff8a1e63/5/1/5104312_Nudeln4mm_PSXX_1.jpg",
  "file_name_7": "5104312_7.jpg",
  "image_url_7": "https://sortiment.lidl.ch/media/catalog/product/cache/38c728e59b3a47950872534eff8a1e63/5/1/5104312_Pappardelle_PSXX_1.jpg",
  "file_name_8": "5104312_8.jpg",
  "image_url_8": "https://sortiment.lidl.ch/media/catalog/product/cache/38c728e59b3a47950872534eff8a1e63/5/1/5104312_Schwingerhoernli_PSXX_1.jpg",
  "file_name_9": "5104312_9.jpg",
  "image_url_9": "https://sortiment.lidl.ch/media/catalog/product/cache/38c728e59b3a47950872534eff8a1e63/5/1/5104312_Spaetzli_PSXX_3.jpg",
  "file_name_10": "5104312_10.jpg",
  "image_url_10": "https://sortiment.lidl.ch/media/catalog/product/cache/38c728e59b3a47950872534eff8a1e63/5/1/5104312_Spiralen_PSXX_1.jpg"
},
{
  "_id": {
    "$oid": "66f3aa62d23ade1eec56001d"
  },
  "unique_id": "142042",
  "product_name": "Hörnli",
  "brand": "Combino",
  "regular_price": 1.39,
  "selling_price": 1.39,
  "price_per_unit": "pro 1kg",
  "breadcrumb": "Sortiment > Sortiment > Hörnli",
  "pdp_url": "https://sortiment.lidl.ch/de/hoernli-0142042",
  "product_description": "Artikelnr.: 142042",
  "producthierarchy_level1": "Sortiment",
  "producthierarchy_level2": "Sortiment",
  "producthierarchy_level3": "Hörnli",
  "producthierarchy_level4": "",
  "producthierarchy_level5": "",
  "producthierarchy_level6": "",
  "producthierarchy_level7": "",
  "currency": "Swiss franc",
  "file_name_1": "142042_1.jpg",
  "image_url_1": "https://sortiment.lidl.ch/media/catalog/product/cache/38c728e59b3a47950872534eff8a1e63/1/4/142042_PSXX.jpg"
},
{
  "_id": {
    "$oid": "66f3aa64d23ade1eec56001e"
  },
  "unique_id": "120259",
  "product_name": "Bio Kinderpasta",
  "brand": "Combino",
  "regular_price": 1.49,
  "selling_price": 1.49,
  "price_per_unit": "pro 500g | 100g = 0.30 CHF",
  "breadcrumb": "Sortiment > Sortiment > Bio Kinderpasta",
  "pdp_url": "https://sortiment.lidl.ch/de/bio-kinderpasta-0120259",
  "product_description": "Artikelnr.: 120259",
  "producthierarchy_level1": "Sortiment",
  "producthierarchy_level2": "Sortiment",
  "producthierarchy_level3": "Bio Kinderpasta",
  "producthierarchy_level4": "",
  "producthierarchy_level5": "",
  "producthierarchy_level6": "",
  "producthierarchy_level7": "",
  "currency": "Swiss franc",
  "file_name_1": "120259_1.jpg",
  "image_url_1": "https://sortiment.lidl.ch/media/catalog/product/cache/38c728e59b3a47950872534eff8a1e63/1/2/120259_Fahrzeug_PSXX.jpg",
  "file_name_2": "120259_2.jpg",
  "image_url_2": "https://sortiment.lidl.ch/media/catalog/product/cache/38c728e59b3a47950872534eff8a1e63/1/2/120259_Tier_PSXX.jpg"
},
{
  "_id": {
    "$oid": "66f3aa65d23ade1eec56001f"
  },
  "unique_id": "37270",
  "product_name": "Tagliatelle",
  "brand": "Combino",
  "regular_price": 1.39,
  "selling_price": 1.39,
  "price_per_unit": "pro 500g | 100g = 0.28 CHF",
  "breadcrumb": "Sortiment > Sortiment > Tagliatelle",
  "pdp_url": "https://sortiment.lidl.ch/de/tagliatelle-0037270",
  "product_description": "Artikelnr.: 37270",
  "producthierarchy_level1": "Sortiment",
  "producthierarchy_level2": "Sortiment",
  "producthierarchy_level3": "Tagliatelle",
  "producthierarchy_level4": "",
  "producthierarchy_level5": "",
  "producthierarchy_level6": "",
  "producthierarchy_level7": "",
  "currency": "Swiss franc",
  "file_name_1": "37270_1.jpg",
  "image_url_1": "https://sortiment.lidl.ch/media/catalog/product/cache/38c728e59b3a47950872534eff8a1e63/3/7/37270_PSXX.jpg"
},
{
  "_id": {
    "$oid": "66f3aa67d23ade1eec560020"
  },
  "unique_id": "27328",
  "product_name": "Penne Rigate",
  "brand": "Combino",
  "regular_price": 1.39,
  "selling_price": 1.39,
  "price_per_unit": "pro 1kg",
  "breadcrumb": "Sortiment > Sortiment > Penne Rigate",
  "pdp_url": "https://sortiment.lidl.ch/de/penne-rigate-0027328",
  "product_description": "Artikelnr.: 27328",
  "producthierarchy_level1": "Sortiment",
  "producthierarchy_level2": "Sortiment",
  "producthierarchy_level3": "Penne Rigate",
  "producthierarchy_level4": "",
  "producthierarchy_level5": "",
  "producthierarchy_level6": "",
  "producthierarchy_level7": "",
  "currency": "Swiss franc",
  "file_name_1": "27328_1.jpg",
  "image_url_1": "https://sortiment.lidl.ch/media/catalog/product/cache/38c728e59b3a47950872534eff8a1e63/2/7/27328_PSXX.jpg"
},
{
  "_id": {
    "$oid": "66f3aa68d23ade1eec560021"
  },
  "unique_id": "27326",
  "product_name": "Fusilli",
  "brand": "Combino",
  "regular_price": 1.39,
  "selling_price": 1.39,
  "price_per_unit": "pro 1kg",
  "breadcrumb": "Sortiment > Sortiment > Fusilli",
  "pdp_url": "https://sortiment.lidl.ch/de/fusilli-0027326",
  "product_description": "Artikelnr.: 27326",
  "producthierarchy_level1": "Sortiment",
  "producthierarchy_level2": "Sortiment",
  "producthierarchy_level3": "Fusilli",
  "producthierarchy_level4": "",
  "producthierarchy_level5": "",
  "producthierarchy_level6": "",
  "producthierarchy_level7": "",
  "currency": "Swiss franc",
  "file_name_1": "27326_1.jpg",
  "image_url_1": "https://sortiment.lidl.ch/media/amasty/amoptmobile/catalog/product/cache/38c728e59b3a47950872534eff8a1e63/2/7/27326_PSXX.jpg"
},
{
  "_id": {
    "$oid": "66f3aa69d23ade1eec560022"
  },
  "unique_id": "27325",
  "product_name": "Spaghetti",
  "brand": "Combino",
  "regular_price": 1.39,
  "selling_price": 1.39,
  "price_per_unit": "pro 1kg",
  "breadcrumb": "Sortiment > Sortiment > Spaghetti",
  "pdp_url": "https://sortiment.lidl.ch/de/spaghetti-0027325",
  "product_description": "Artikelnr.: 27325",
  "producthierarchy_level1": "Sortiment",
  "producthierarchy_level2": "Sortiment",
  "producthierarchy_level3": "Spaghetti",
  "producthierarchy_level4": "",
  "producthierarchy_level5": "",
  "producthierarchy_level6": "",
  "producthierarchy_level7": "",
  "currency": "Swiss franc",
  "file_name_1": "27325_1.jpg",
  "image_url_1": "https://sortiment.lidl.ch/media/catalog/product/cache/38c728e59b3a47950872534eff8a1e63/2/7/27325_PSXX.jpg"
},
{
  "_id": {
    "$oid": "66f3aa6ad23ade1eec560023"
  },
  "unique_id": "19104",
  "product_name": "Farfalle",
  "brand": "Combino",
  "regular_price": 1.25,
  "selling_price": 1.25,
  "price_per_unit": "pro 500g | 100g = 0.25 CHF",
  "breadcrumb": "Sortiment > Sortiment > Farfalle",
  "pdp_url": "https://sortiment.lidl.ch/de/farfalle-0019104",
  "product_description": "Artikelnr.: 19104",
  "producthierarchy_level1": "Sortiment",
  "producthierarchy_level2": "Sortiment",
  "producthierarchy_level3": "Farfalle",
  "producthierarchy_level4": "",
  "producthierarchy_level5": "",
  "producthierarchy_level6": "",
  "producthierarchy_level7": "",
  "currency": "Swiss franc",
  "file_name_1": "19104_1.jpg",
  "image_url_1": "https://sortiment.lidl.ch/media/amasty/amoptmobile/catalog/product/cache/38c728e59b3a47950872534eff8a1e63/1/9/19104_PSXX.jpg"
},
{
  "_id": {
    "$oid": "66f3aa6bd23ade1eec560024"
  },
  "unique_id": "3356",
  "product_name": "Barilla Spaghettoni No. 7",
  "brand": "Barilla",
  "regular_price": 3.39,
  "selling_price": 2.49,
  "price_per_unit": "pro 1kg",
  "breadcrumb": "Sortiment > Sortiment > Barilla Spaghettoni No. 7",
  "pdp_url": "https://sortiment.lidl.ch/de/barilla-spaghettoni-no-7-0003356",
  "product_description": "Artikelnr.: 3356",
  "producthierarchy_level1": "Sortiment",
  "producthierarchy_level2": "Sortiment",
  "producthierarchy_level3": "Barilla Spaghettoni No. 7",
  "producthierarchy_level4": "",
  "producthierarchy_level5": "",
  "producthierarchy_level6": "",
  "producthierarchy_level7": "",
  "currency": "Swiss franc",
  "file_name_1": "3356_1.jpg",
  "image_url_1": "https://sortiment.lidl.ch/media/catalog/product/cache/38c728e59b3a47950872534eff8a1e63/3/3/3356_Spaghettoni_PSXX.jpg"
},
{
  "_id": {
    "$oid": "66f3aa6cd23ade1eec560025"
  },
  "unique_id": "1067",
  "product_name": "Barilla Fusilli No. 98",
  "brand": "Barilla",
  "regular_price": 3.39,
  "selling_price": 2.49,
  "price_per_unit": "pro 1kg",
  "breadcrumb": "Sortiment > Sortiment > Barilla Fusilli No. 98",
  "pdp_url": "https://sortiment.lidl.ch/de/barilla-fusilli-no-98-0001067",
  "product_description": "Artikelnr.: 1067",
  "producthierarchy_level1": "Sortiment",
  "producthierarchy_level2": "Sortiment",
  "producthierarchy_level3": "Barilla Fusilli No. 98",
  "producthierarchy_level4": "",
  "producthierarchy_level5": "",
  "producthierarchy_level6": "",
  "producthierarchy_level7": "",
  "currency": "Swiss franc",
  "file_name_1": "1067_1.jpg",
  "image_url_1": "https://sortiment.lidl.ch/media/catalog/product/cache/38c728e59b3a47950872534eff8a1e63/1/0/1067_PSXX.jpg"
},
{
  "_id": {
    "$oid": "66f3aa6dd23ade1eec560026"
  },
  "unique_id": "1066",
  "product_name": "Barilla Penne Rigate No. 73",
  "brand": "Barilla",
  "regular_price": 3.39,
  "selling_price": 2.49,
  "price_per_unit": "pro 1kg",
  "breadcrumb": "Sortiment > Sortiment > Barilla Penne Rigate No. 73",
  "pdp_url": "https://sortiment.lidl.ch/de/barilla-penne-rigate-no-73-0001066",
  "product_description": "Artikelnr.: 1066",
  "producthierarchy_level1": "Sortiment",
  "producthierarchy_level2": "Sortiment",
  "producthierarchy_level3": "Barilla Penne Rigate No. 73",
  "producthierarchy_level4": "",
  "producthierarchy_level5": "",
  "producthierarchy_level6": "",
  "producthierarchy_level7": "",
  "currency": "Swiss franc",
  "file_name_1": "1066_1.jpg",
  "image_url_1": "https://sortiment.lidl.ch/media/catalog/product/cache/38c728e59b3a47950872534eff8a1e63/1/0/1066_PSXX_1.jpg"
},
{
  "_id": {
    "$oid": "66f3aa6ed23ade1eec560027"
  },
  "unique_id": "1064",
  "product_name": "Barilla Spaghetti No. 5",
  "brand": "Barilla",
  "regular_price": 3.39,
  "selling_price": 2.49,
  "price_per_unit": "pro 1kg",
  "breadcrumb": "Sortiment > Sortiment > Barilla Spaghetti No. 5",
  "pdp_url": "https://sortiment.lidl.ch/de/barilla-spaghetti-no-5-0001064",
  "product_description": "Artikelnr.: 1064",
  "producthierarchy_level1": "Sortiment",
  "producthierarchy_level2": "Sortiment",
  "producthierarchy_level3": "Barilla Spaghetti No. 5",
  "producthierarchy_level4": "",
  "producthierarchy_level5": "",
  "producthierarchy_level6": "",
  "producthierarchy_level7": "",
  "currency": "Swiss franc",
  "file_name_1": "1064_1.jpg",
  "image_url_1": "https://sortiment.lidl.ch/media/catalog/product/cache/38c728e59b3a47950872534eff8a1e63/1/0/1064_PSXX.jpg"
},
{
  "_id": {
    "$oid": "66f3aa70d23ade1eec560028"
  },
  "unique_id": "136419",
  "product_name": "Basmati Reis",
  "brand": "Golden Sun",
  "regular_price": 2.79,
  "selling_price": 2.79,
  "price_per_unit": "pro 1kg",
  "breadcrumb": "Sortiment > Sortiment > Basmati Reis",
  "pdp_url": "https://sortiment.lidl.ch/de/basmati-reis-0136419",
  "product_description": "Artikelnr.: 136419",
  "producthierarchy_level1": "Sortiment",
  "producthierarchy_level2": "Sortiment",
  "producthierarchy_level3": "Basmati Reis",
  "producthierarchy_level4": "",
  "producthierarchy_level5": "",
  "producthierarchy_level6": "",
  "producthierarchy_level7": "",
  "currency": "Swiss franc",
  "file_name_1": "136419_1.jpg",
  "image_url_1": "https://sortiment.lidl.ch/media/catalog/product/cache/38c728e59b3a47950872534eff8a1e63/1/3/136419_PSXX.jpg"
},
{
  "_id": {
    "$oid": "66f3aa71d23ade1eec560029"
  },
  "unique_id": "129108",
  "product_name": "San Andrea Risottoreis",
  "brand": "Golden Sun",
  "regular_price": 1.99,
  "selling_price": 1.99,
  "price_per_unit": "pro 1kg",
  "breadcrumb": "Sortiment > Sortiment > San Andrea Risottoreis",
  "pdp_url": "https://sortiment.lidl.ch/de/san-andrea-risottoreis-0129108",
  "product_description": "Artikelnr.: 129108",
  "producthierarchy_level1": "Sortiment",
  "producthierarchy_level2": "Sortiment",
  "producthierarchy_level3": "San Andrea Risottoreis",
  "producthierarchy_level4": "",
  "producthierarchy_level5": "",
  "producthierarchy_level6": "",
  "producthierarchy_level7": "",
  "currency": "Swiss franc",
  "file_name_1": "129108_1.jpg",
  "image_url_1": "https://sortiment.lidl.ch/media/amasty/amoptmobile/catalog/product/cache/38c728e59b3a47950872534eff8a1e63/1/2/129108_PSXX.jpg"
},
{
  "_id": {
    "$oid": "66f3aa72d23ade1eec56002a"
  },
  "unique_id": "12592",
  "product_name": "Jasmin Reis",
  "brand": "Golden Sun",
  "regular_price": 2.79,
  "selling_price": 2.79,
  "price_per_unit": "pro 1kg",
  "breadcrumb": "Sortiment > Sortiment > Jasmin Reis",
  "pdp_url": "https://sortiment.lidl.ch/de/jasmin-reis-0012592",
  "product_description": "Artikelnr.: 12592",
  "producthierarchy_level1": "Sortiment",
  "producthierarchy_level2": "Sortiment",
  "producthierarchy_level3": "Jasmin Reis",
  "producthierarchy_level4": "",
  "producthierarchy_level5": "",
  "producthierarchy_level6": "",
  "producthierarchy_level7": "",
  "currency": "Swiss franc",
  "file_name_1": "12592_1.jpg",
  "image_url_1": "https://sortiment.lidl.ch/media/amasty/amoptmobile/catalog/product/cache/38c728e59b3a47950872534eff8a1e63/1/2/12592_Kolli_PSXX.jpg",
  "file_name_2": "12592_2.jpg",
  "image_url_2": "https://sortiment.lidl.ch/media/catalog/product/cache/38c728e59b3a47950872534eff8a1e63/1/2/12592_PSXX.jpg"
},
{
  "_id": {
    "$oid": "66f3aa73d23ade1eec56002b"
  },
  "unique_id": "119562",
  "product_name": "Bio Hülsenfrüchte",
  "brand": "Golden Sun",
  "regular_price": 2.29,
  "selling_price": 2.29,
  "price_per_unit": "pro 500g | 100g = 0.46 CHF",
  "breadcrumb": "Sortiment > Sortiment > Bio Hülsenfrüchte",
  "pdp_url": "https://sortiment.lidl.ch/de/bio-huelsenfruechte-0119562",
  "product_description": "Artikelnr.: 119562",
  "producthierarchy_level1": "Sortiment",
  "producthierarchy_level2": "Sortiment",
  "producthierarchy_level3": "Bio Hülsenfrüchte",
  "producthierarchy_level4": "",
  "producthierarchy_level5": "",
  "producthierarchy_level6": "",
  "producthierarchy_level7": "",
  "currency": "Swiss franc",
  "file_name_1": "119562_1.jpg",
  "image_url_1": "https://sortiment.lidl.ch/media/amasty/amoptmobile/catalog/product/cache/38c728e59b3a47950872534eff8a1e63/1/1/119562_Erbsen_PSXX.jpg",
  "file_name_2": "119562_2.jpg",
  "image_url_2": "https://sortiment.lidl.ch/media/catalog/product/cache/38c728e59b3a47950872534eff8a1e63/1/1/119562_Kichererbsen_PSXX.jpg",
  "file_name_3": "119562_3.jpg",
  "image_url_3": "https://sortiment.lidl.ch/media/catalog/product/cache/38c728e59b3a47950872534eff8a1e63/1/1/119562_Linsen_PSXX.jpg"
},
{
  "_id": {
    "$oid": "66f3aa74d23ade1eec56002c"
  },
  "unique_id": "99982",
  "product_name": "Golden Puffs / Frosted Flakes",
  "brand": "Crownfield",
  "regular_price": 2.69,
  "selling_price": 2.69,
  "price_per_unit": "pro 500g | 100g = 0.54 CHF",
  "breadcrumb": "Sortiment > Sortiment > Golden Puffs / Frosted Flakes",
  "pdp_url": "https://sortiment.lidl.ch/de/golden-puffs-frosted-flakes-0099982",
  "product_description": "Artikelnr.: 99982",
  "producthierarchy_level1": "Sortiment",
  "producthierarchy_level2": "Sortiment",
  "producthierarchy_level3": "Golden Puffs / Frosted Flakes",
  "producthierarchy_level4": "",
  "producthierarchy_level5": "",
  "producthierarchy_level6": "",
  "producthierarchy_level7": "",
  "currency": "Swiss franc",
  "file_name_1": "99982_1.jpg",
  "image_url_1": "https://sortiment.lidl.ch/media/catalog/product/cache/38c728e59b3a47950872534eff8a1e63/9/9/99982_Flakers_PSXX.jpg",
  "file_name_2": "99982_2.jpg",
  "image_url_2": "https://sortiment.lidl.ch/media/catalog/product/cache/38c728e59b3a47950872534eff8a1e63/9/9/99982_GoldenPuff_PSXX.jpg"
},
{
  "_id": {
    "$oid": "66f3aa75d23ade1eec56002d"
  },
  "unique_id": "36658",
  "product_name": "Premium Müesli",
  "brand": "Crownfield",
  "regular_price": 4.75,
  "selling_price": 4.75,
  "price_per_unit": "pro 750g | 100g = 0.64 CHF",
  "breadcrumb": "Sortiment > Sortiment > Premium Müesli",
  "pdp_url": "https://sortiment.lidl.ch/de/premium-mueesli-0036658",
  "product_description": "Artikelnr.: 36658",
  "producthierarchy_level1": "Sortiment",
  "producthierarchy_level2": "Sortiment",
  "producthierarchy_level3": "Premium Müesli",
  "producthierarchy_level4": "",
  "producthierarchy_level5": "",
  "producthierarchy_level6": "",
  "producthierarchy_level7": "",
  "currency": "Swiss franc",
  "file_name_1": "36658_1.jpg",
  "image_url_1": "https://sortiment.lidl.ch/media/catalog/product/cache/38c728e59b3a47950872534eff8a1e63/3/6/36658_KernNuss_PSXX.jpg",
  "file_name_2": "36658_2.jpg",
  "image_url_2": "https://sortiment.lidl.ch/media/catalog/product/cache/38c728e59b3a47950872534eff8a1e63/3/6/36658_Kern_PSXX.jpg"
},
{
  "_id": {
    "$oid": "66f3aa76d23ade1eec56002e"
  },
  "unique_id": "25231",
  "product_name": "Crunchy Müesli",
  "brand": "Crownfield",
  "regular_price": 3.59,
  "selling_price": 3.59,
  "price_per_unit": "pro 600g | 100g = 0.60 CHF",
  "breadcrumb": "Sortiment > Sortiment > Crunchy Müesli",
  "pdp_url": "https://sortiment.lidl.ch/de/crunchy-mueesli-0025231",
  "product_description": "Artikelnr.: 25231",
  "producthierarchy_level1": "Sortiment",
  "producthierarchy_level2": "Sortiment",
  "producthierarchy_level3": "Crunchy Müesli",
  "producthierarchy_level4": "",
  "producthierarchy_level5": "",
  "producthierarchy_level6": "",
  "producthierarchy_level7": "",
  "currency": "Swiss franc",
  "file_name_1": "25231_1.jpg",
  "image_url_1": "https://sortiment.lidl.ch/media/catalog/product/cache/38c728e59b3a47950872534eff8a1e63/2/5/25231_Fruechte_PSXX_1.jpg",
  "file_name_2": "25231_2.jpg",
  "image_url_2": "https://sortiment.lidl.ch/media/catalog/product/cache/38c728e59b3a47950872534eff8a1e63/2/5/25231_Schoko_PSXX_1.jpg"
},
{
  "_id": {
    "$oid": "66f3aa77d23ade1eec56002f"
  },
  "unique_id": "134634",
  "product_name": "Bio Haferflocken zart",
  "brand": "Crownfield",
  "regular_price": 1.19,
  "selling_price": 1.19,
  "price_per_unit": "pro 500g | 100g = 0.24 CHF",
  "breadcrumb": "Sortiment > Sortiment > Bio Haferflocken zart",
  "pdp_url": "https://sortiment.lidl.ch/de/bio-haferflocken-zart-0134634",
  "product_description": "Artikelnr.: 134634",
  "producthierarchy_level1": "Sortiment",
  "producthierarchy_level2": "Sortiment",
  "producthierarchy_level3": "Bio Haferflocken zart",
  "producthierarchy_level4": "",
  "producthierarchy_level5": "",
  "producthierarchy_level6": "",
  "producthierarchy_level7": "",
  "currency": "Swiss franc",
  "file_name_1": "134634_1.jpg",
  "image_url_1": "https://sortiment.lidl.ch/media/catalog/product/cache/38c728e59b3a47950872534eff8a1e63/1/3/134634_PSXX.jpg"
},
{
  "_id": {
    "$oid": "66f3aa78d23ade1eec560030"
  },
  "unique_id": "120666",
  "product_name": "Crunchy Müesli",
  "brand": "Crownfield",
  "regular_price": 3.19,
  "selling_price": 3.19,
  "price_per_unit": "pro 500g | 100g = 0.64 CHF",
  "breadcrumb": "Sortiment > Sortiment > Crunchy Müesli",
  "pdp_url": "https://sortiment.lidl.ch/de/crunchy-mueesli-0120666",
  "product_description": "Artikelnr.: 120666",
  "producthierarchy_level1": "Sortiment",
  "producthierarchy_level2": "Sortiment",
  "producthierarchy_level3": "Crunchy Müesli",
  "producthierarchy_level4": "",
  "producthierarchy_level5": "",
  "producthierarchy_level6": "",
  "producthierarchy_level7": "",
  "currency": "Swiss franc",
  "file_name_1": "120666_1.jpg",
  "image_url_1": "https://sortiment.lidl.ch/media/catalog/product/cache/38c728e59b3a47950872534eff8a1e63/1/2/120666_Nuesse_PSXX_1.jpg",
  "file_name_2": "120666_2.jpg",
  "image_url_2": "https://sortiment.lidl.ch/media/catalog/product/cache/38c728e59b3a47950872534eff8a1e63/1/2/120666_Schokolade_PSXX_1.jpg"
},
{
  "_id": {
    "$oid": "66f3aa79d23ade1eec560031"
  },
  "unique_id": "109615",
  "product_name": "Special Flakes",
  "brand": "Crownfield",
  "regular_price": 2.99,
  "selling_price": 2.99,
  "price_per_unit": "pro 425g | 100g = 0.71 CHF",
  "breadcrumb": "Sortiment > Sortiment > Special Flakes",
  "pdp_url": "https://sortiment.lidl.ch/de/special-flakes-0109615",
  "product_description": "Artikelnr.: 109615",
  "producthierarchy_level1": "Sortiment",
  "producthierarchy_level2": "Sortiment",
  "producthierarchy_level3": "Special Flakes",
  "producthierarchy_level4": "",
  "producthierarchy_level5": "",
  "producthierarchy_level6": "",
  "producthierarchy_level7": "",
  "currency": "Swiss franc",
  "file_name_1": "109615_1.jpg",
  "image_url_1": "https://sortiment.lidl.ch/media/catalog/product/cache/38c728e59b3a47950872534eff8a1e63/1/0/109615_DarkChocolate_PSXX_1.jpg",
  "file_name_2": "109615_2.jpg",
  "image_url_2": "https://sortiment.lidl.ch/media/catalog/product/cache/38c728e59b3a47950872534eff8a1e63/1/0/109615_RedBerries_PSXX_1.jpg",
  "file_name_3": "109615_3.jpg",
  "image_url_3": "https://sortiment.lidl.ch/media/catalog/product/cache/38c728e59b3a47950872534eff8a1e63/1/0/109615_Special_Schoko_PSXX.jpg"
},
{
  "_id": {
    "$oid": "66f3aa7ad23ade1eec560032"
  },
  "unique_id": "38441",
  "product_name": "Vollkornmüesli",
  "brand": "Crownfield",
  "regular_price": 2.39,
  "selling_price": 2.39,
  "price_per_unit": "pro 1000g",
  "breadcrumb": "Sortiment > Sortiment > Vollkornmüesli",
  "pdp_url": "https://sortiment.lidl.ch/de/vollkornmueesli-0038441",
  "product_description": "Artikelnr.: 38441",
  "producthierarchy_level1": "Sortiment",
  "producthierarchy_level2": "Sortiment",
  "producthierarchy_level3": "Vollkornmüesli",
  "producthierarchy_level4": "",
  "producthierarchy_level5": "",
  "producthierarchy_level6": "",
  "producthierarchy_level7": "",
  "currency": "Swiss franc",
  "file_name_1": "38441_1.jpg",
  "image_url_1": "https://sortiment.lidl.ch/media/catalog/product/cache/38c728e59b3a47950872534eff8a1e63/3/8/38441_PSXX.jpg"
},
{
  "_id": {
    "$oid": "66f3aa7bd23ade1eec560033"
  },
  "unique_id": "38279",
  "product_name": "Nougat Pillows / Milk-Choco-Bits",
  "brand": "Crownfield",
  "regular_price": 3.99,
  "selling_price": 3.99,
  "price_per_unit": "pro 750g | 100g = 0.54 CHF",
  "breadcrumb": "Sortiment > Sortiment > Nougat Pillows / Milk-Choco-Bits",
  "pdp_url": "https://sortiment.lidl.ch/de/nougat-pillows-milk-choco-bits-0038279",
  "product_description": "Artikelnr.: 38279",
  "producthierarchy_level1": "Sortiment",
  "producthierarchy_level2": "Sortiment",
  "producthierarchy_level3": "Nougat Pillows / Milk-Choco-Bits",
  "producthierarchy_level4": "",
  "producthierarchy_level5": "",
  "producthierarchy_level6": "",
  "producthierarchy_level7": "",
  "currency": "Swiss franc",
  "file_name_1": "38279_1.jpg",
  "image_url_1": "https://sortiment.lidl.ch/media/catalog/product/cache/38c728e59b3a47950872534eff8a1e63/3/8/38279_MilkBits_PSXX.jpg",
  "file_name_2": "38279_2.jpg",
  "image_url_2": "https://sortiment.lidl.ch/media/catalog/product/cache/38c728e59b3a47950872534eff8a1e63/3/8/38279_Nougat_PSXX_1.jpg"
},
{
  "_id": {
    "$oid": "66f3aa7cd23ade1eec560034"
  },
  "unique_id": "88099",
  "product_name": "Käsesnack in Würfeln",
  "brand": "Milbona",
  "regular_price": 3.79,
  "selling_price": 3.79,
  "price_per_unit": "pro 220g | 100g = 1.73 CHF",
  "breadcrumb": "Sortiment > Sortiment > Käsesnack in Würfeln",
  "pdp_url": "https://sortiment.lidl.ch/de/kaesesnack-in-wuerfeln-0088099",
  "product_description": "Artikelnr.: 88099",
  "producthierarchy_level1": "Sortiment",
  "producthierarchy_level2": "Sortiment",
  "producthierarchy_level3": "Käsesnack in Würfeln",
  "producthierarchy_level4": "",
  "producthierarchy_level5": "",
  "producthierarchy_level6": "",
  "producthierarchy_level7": "",
  "currency": "Swiss franc",
  "file_name_1": "88099_1.jpg",
  "image_url_1": "https://sortiment.lidl.ch/media/catalog/product/cache/38c728e59b3a47950872534eff8a1e63/8/8/88099_EdamButterkaese_PSXX.jpg",
  "file_name_2": "88099_2.jpg",
  "image_url_2": "https://sortiment.lidl.ch/media/catalog/product/cache/38c728e59b3a47950872534eff8a1e63/8/8/88099_GoudaBergkaese_PSXX.jpg",
  "file_name_3": "88099_3.jpg",
  "image_url_3": "https://sortiment.lidl.ch/media/catalog/product/cache/38c728e59b3a47950872534eff8a1e63/8/8/88099_Snack_Duo_Edamer_Butterkaese_Party_PSXX.jpg",
  "file_name_4": "88099_4.jpg",
  "image_url_4": "https://sortiment.lidl.ch/media/catalog/product/cache/38c728e59b3a47950872534eff8a1e63/8/8/88099_Snack_Duo_Gouda_Bergkaese_Party_PSXX.jpg"
},
{
  "_id": {
    "$oid": "66f3aa7dd23ade1eec560035"
  },
  "unique_id": "117682",
  "product_name": "Parmigiano Reggiano DOP",
  "brand": "Milbona",
  "regular_price": 2.69,
  "selling_price": 2.69,
  "price_per_unit": "pro 125g | 100g = 2.16 CHF",
  "breadcrumb": "Sortiment > Sortiment > Parmigiano Reggiano DOP",
  "pdp_url": "https://sortiment.lidl.ch/de/parmigiano-reggiano-dop-0117682",
  "product_description": "Artikelnr.: 117682",
  "producthierarchy_level1": "Sortiment",
  "producthierarchy_level2": "Sortiment",
  "producthierarchy_level3": "Parmigiano Reggiano DOP",
  "producthierarchy_level4": "",
  "producthierarchy_level5": "",
  "producthierarchy_level6": "",
  "producthierarchy_level7": "",
  "currency": "Swiss franc",
  "file_name_1": "117682_1.jpg",
  "image_url_1": "https://sortiment.lidl.ch/media/catalog/product/cache/38c728e59b3a47950872534eff8a1e63/1/1/117682_PSXX.jpg"
},
{
  "_id": {
    "$oid": "66f3aa7ed23ade1eec560036"
  },
  "unique_id": "22762",
  "product_name": "Gratinkäse gerieben",
  "brand": "Milbona",
  "regular_price": 1.89,
  "selling_price": 1.89,
  "price_per_unit": "pro 200g | 100g = 0.95 CHF",
  "breadcrumb": "Sortiment > Sortiment > Gratinkäse gerieben",
  "pdp_url": "https://sortiment.lidl.ch/de/gratinkaese-gerieben-0022762",
  "product_description": "Artikelnr.: 22762",
  "producthierarchy_level1": "Sortiment",
  "producthierarchy_level2": "Sortiment",
  "producthierarchy_level3": "Gratinkäse gerieben",
  "producthierarchy_level4": "",
  "producthierarchy_level5": "",
  "producthierarchy_level6": "",
  "producthierarchy_level7": "",
  "currency": "Swiss franc",
  "file_name_1": "22762_1.jpg",
  "image_url_1": "https://sortiment.lidl.ch/media/catalog/product/cache/38c728e59b3a47950872534eff8a1e63/2/2/22762_PSXX.jpg"
},
{
  "_id": {
    "$oid": "66f3aa7fd23ade1eec560037"
  },
  "unique_id": "3185",
  "product_name": "Käsekuchenmischung",
  "brand": "Fromani",
  "regular_price": 3.69,
  "selling_price": 3.69,
  "price_per_unit": "pro 250g | 100g = 1.48 CHF",
  "breadcrumb": "Sortiment > Sortiment > Käsekuchenmischung",
  "pdp_url": "https://sortiment.lidl.ch/de/kaesekuchenmischung-0003185",
  "product_description": "Artikelnr.: 3185",
  "producthierarchy_level1": "Sortiment",
  "producthierarchy_level2": "Sortiment",
  "producthierarchy_level3": "Käsekuchenmischung",
  "producthierarchy_level4": "",
  "producthierarchy_level5": "",
  "producthierarchy_level6": "",
  "producthierarchy_level7": "",
  "currency": "Swiss franc",
  "file_name_1": "3185_1.jpg",
  "image_url_1": "https://sortiment.lidl.ch/media/catalog/product/cache/38c728e59b3a47950872534eff8a1e63/3/1/3185_PSXX_1.jpg"
},
{
  "_id": {
    "$oid": "66f3aa80d23ade1eec560038"
  },
  "unique_id": "123439",
  "product_name": "Frischkäse Spezialitäten",
  "brand": "Milbona",
  "regular_price": 2.29,
  "selling_price": 2.29,
  "price_per_unit": "pro 100g",
  "breadcrumb": "Sortiment > Sortiment > Frischkäse Spezialitäten",
  "pdp_url": "https://sortiment.lidl.ch/de/frischkaese-spezialitaeten-0123439",
  "product_description": "Artikelnr.: 123439",
  "producthierarchy_level1": "Sortiment",
  "producthierarchy_level2": "Sortiment",
  "producthierarchy_level3": "Frischkäse Spezialitäten",
  "producthierarchy_level4": "",
  "producthierarchy_level5": "",
  "producthierarchy_level6": "",
  "producthierarchy_level7": "",
  "currency": "Swiss franc",
  "file_name_1": "123439_1.jpg",
  "image_url_1": "https://sortiment.lidl.ch/media/catalog/product/cache/38c728e59b3a47950872534eff8a1e63/1/2/123439_Ananas-Mandel_PSXX_1.jpg",
  "file_name_2": "123439_2.jpg",
  "image_url_2": "https://sortiment.lidl.ch/media/catalog/product/cache/38c728e59b3a47950872534eff8a1e63/1/2/123439_AnanasMandel_PSXX_1.jpg",
  "file_name_3": "123439_3.jpg",
  "image_url_3": "https://sortiment.lidl.ch/media/catalog/product/cache/38c728e59b3a47950872534eff8a1e63/1/2/123439_Pfeffer_PSXX.jpg",
  "file_name_4": "123439_4.jpg",
  "image_url_4": "https://sortiment.lidl.ch/media/catalog/product/cache/38c728e59b3a47950872534eff8a1e63/1/2/123439_Schnittlauch_PSXX.jpg"
},
{
  "_id": {
    "$oid": "66f3aa81d23ade1eec560039"
  },
  "unique_id": "25707",
  "product_name": "Ziegenkäse Spezialitäten",
  "brand": "Milbona",
  "regular_price": 3.49,
  "selling_price": 3.49,
  "price_per_unit": "pro 120g, 150g, 200g | 100g = 2.91, 2.33, 1.75 CHF",
  "breadcrumb": "Sortiment > Sortiment > Ziegenkäse Spezialitäten",
  "pdp_url": "https://sortiment.lidl.ch/de/ziegenkaese-spezialitaeten-0025707",
  "product_description": "Artikelnr.: 25707",
  "producthierarchy_level1": "Sortiment",
  "producthierarchy_level2": "Sortiment",
  "producthierarchy_level3": "Ziegenkäse Spezialitäten",
  "producthierarchy_level4": "",
  "producthierarchy_level5": "",
  "producthierarchy_level6": "",
  "producthierarchy_level7": "",
  "currency": "Swiss franc",
  "file_name_1": "25707_1.jpg",
  "image_url_1": "https://sortiment.lidl.ch/media/catalog/product/cache/38c728e59b3a47950872534eff8a1e63/2/5/25707_Brique_de_Chevre_PSXX.jpg",
  "file_name_2": "25707_2.jpg",
  "image_url_2": "https://sortiment.lidl.ch/media/catalog/product/cache/38c728e59b3a47950872534eff8a1e63/2/5/25707_Buche_PSXX_1.jpg",
  "file_name_3": "25707_3.jpg",
  "image_url_3": "https://sortiment.lidl.ch/media/catalog/product/cache/38c728e59b3a47950872534eff8a1e63/2/5/25707_Chevre_PSXX.jpg",
  "file_name_4": "25707_4.jpg",
  "image_url_4": "https://sortiment.lidl.ch/media/catalog/product/cache/38c728e59b3a47950872534eff8a1e63/2/5/25707_Crott.d.Chev_FKBF.jpg",
  "file_name_5": "25707_5.jpg",
  "image_url_5": "https://sortiment.lidl.ch/media/catalog/product/cache/38c728e59b3a47950872534eff8a1e63/2/5/25707_Crottins_PSXX0356_1.jpg",
  "file_name_6": "25707_6.jpg",
  "image_url_6": "https://sortiment.lidl.ch/media/catalog/product/cache/38c728e59b3a47950872534eff8a1e63/2/5/25707_Kaeserolle_FKBF.jpg",
  "file_name_7": "25707_7.jpg",
  "image_url_7": "https://sortiment.lidl.ch/media/catalog/product/cache/38c728e59b3a47950872534eff8a1e63/2/5/25707_Weichkaese_FKBF.jpg"
},
{
  "_id": {
    "$oid": "66f3aa82d23ade1eec56003a"
  },
  "unique_id": "22837",
  "product_name": "Crefée Frischkäse",
  "brand": "Milbona",
  "regular_price": 0.95,
  "selling_price": 0.95,
  "price_per_unit": "pro 150g | 100g = 0.64 CHF",
  "breadcrumb": "Sortiment > Sortiment > Crefée Frischkäse",
  "pdp_url": "https://sortiment.lidl.ch/de/crefee-frischkaese-0022837",
  "product_description": "Artikelnr.: 22837",
  "producthierarchy_level1": "Sortiment",
  "producthierarchy_level2": "Sortiment",
  "producthierarchy_level3": "Crefée Frischkäse",
  "producthierarchy_level4": "",
  "producthierarchy_level5": "",
  "producthierarchy_level6": "",
  "producthierarchy_level7": "",
  "currency": "Swiss franc",
  "file_name_1": "22837_1.jpg",
  "image_url_1": "https://sortiment.lidl.ch/media/catalog/product/cache/38c728e59b3a47950872534eff8a1e63/2/2/22837_Chili_PSXX.jpg",
  "file_name_2": "22837_2.jpg",
  "image_url_2": "https://sortiment.lidl.ch/media/catalog/product/cache/38c728e59b3a47950872534eff8a1e63/2/2/22837_Knoblauch_PSXX.jpg",
  "file_name_3": "22837_3.jpg",
  "image_url_3": "https://sortiment.lidl.ch/media/catalog/product/cache/38c728e59b3a47950872534eff8a1e63/2/2/22837_Kraeuter_PSXX.jpg",
  "file_name_4": "22837_4.jpg",
  "image_url_4": "https://sortiment.lidl.ch/media/catalog/product/cache/38c728e59b3a47950872534eff8a1e63/2/2/22837_Meerrettich_PSXX.jpg"
},
{
  "_id": {
    "$oid": "66f3aa83d23ade1eec56003b"
  },
  "unique_id": "2911",
  "product_name": "Tartare Frischkäse",
  "brand": "Tartare",
  "regular_price": 3.25,
  "selling_price": 3.25,
  "price_per_unit": "pro 150g | 100g = 2.17 CHF",
  "breadcrumb": "Sortiment > Sortiment > Tartare Frischkäse",
  "pdp_url": "https://sortiment.lidl.ch/de/tartare-frischkaese-0002911",
  "product_description": "Artikelnr.: 2911",
  "producthierarchy_level1": "Sortiment",
  "producthierarchy_level2": "Sortiment",
  "producthierarchy_level3": "Tartare Frischkäse",
  "producthierarchy_level4": "",
  "producthierarchy_level5": "",
  "producthierarchy_level6": "",
  "producthierarchy_level7": "",
  "currency": "Swiss franc",
  "file_name_1": "2911_1.jpg",
  "image_url_1": "https://sortiment.lidl.ch/media/catalog/product/cache/38c728e59b3a47950872534eff8a1e63/2/9/2911_Kraeuter_PSXX.jpg",
  "file_name_2": "2911_2.jpg",
  "image_url_2": "https://sortiment.lidl.ch/media/catalog/product/cache/38c728e59b3a47950872534eff8a1e63/2/9/2911_Meerrettich_PSXX.jpg",
  "file_name_3": "2911_3.jpg",
  "image_url_3": "https://sortiment.lidl.ch/media/catalog/product/cache/38c728e59b3a47950872534eff8a1e63/2/9/2911_Meersalz_PSXX.jpg",
  "file_name_4": "2911_4.jpg",
  "image_url_4": "https://sortiment.lidl.ch/media/catalog/product/cache/38c728e59b3a47950872534eff8a1e63/2/9/2911_Nuss_PSXX_1.jpg",
  "file_name_5": "2911_5.jpg",
  "image_url_5": "https://sortiment.lidl.ch/media/catalog/product/cache/38c728e59b3a47950872534eff8a1e63/2/9/2911_Wildkraeuter_PSXX.jpg"
},
{
  "_id": {
    "$oid": "66f3aa85d23ade1eec56003c"
  },
  "unique_id": "3852",
  "product_name": "Nestlé Hirz Hüttenkäse Nature",
  "brand": "Nestlé Hirz",
  "regular_price": 1.95,
  "selling_price": 1.49,
  "price_per_unit": "pro 200g | 100g = 0.75 CHF",
  "breadcrumb": "Sortiment > Sortiment > Nestlé Hirz Hüttenkäse Nature",
  "pdp_url": "https://sortiment.lidl.ch/de/nestle-hirz-huettenkaese-nature-0003852",
  "product_description": "Artikelnr.: 3852 *Konkurrenzvergleich:  25.09.2024",
  "producthierarchy_level1": "Sortiment",
  "producthierarchy_level2": "Sortiment",
  "producthierarchy_level3": "Nestlé Hirz Hüttenkäse Nature",
  "producthierarchy_level4": "",
  "producthierarchy_level5": "",
  "producthierarchy_level6": "",
  "producthierarchy_level7": "",
  "currency": "Swiss franc",
  "file_name_1": "3852_1.jpg",
  "image_url_1": "https://sortiment.lidl.ch/media/catalog/product/cache/38c728e59b3a47950872534eff8a1e63/3/8/3852_PSXX.jpg"
},
{
  "_id": {
    "$oid": "66f3aa86d23ade1eec56003d"
  },
  "unique_id": "2719",
  "product_name": "Philadelphia Frischkäse Original",
  "brand": "Philadelphia",
  "regular_price": 2.75,
  "selling_price": 2.75,
  "price_per_unit": "pro 200g | 100g = 1.38 CHF",
  "breadcrumb": "Sortiment > Sortiment > Philadelphia Frischkäse Original",
  "pdp_url": "https://sortiment.lidl.ch/de/philadelphia-frischkaese-original-0002719",
  "product_description": "Artikelnr.: 2719",
  "producthierarchy_level1": "Sortiment",
  "producthierarchy_level2": "Sortiment",
  "producthierarchy_level3": "Philadelphia Frischkäse Original",
  "producthierarchy_level4": "",
  "producthierarchy_level5": "",
  "producthierarchy_level6": "",
  "producthierarchy_level7": "",
  "currency": "Swiss franc",
  "file_name_1": "2719_1.jpg",
  "image_url_1": "https://sortiment.lidl.ch/media/catalog/product/cache/38c728e59b3a47950872534eff8a1e63/2/7/2719_PSXX_1.jpg"
},
{
  "_id": {
    "$oid": "66f3aa88d23ade1eec56003e"
  },
  "unique_id": "2717",
  "product_name": "Philadelphia Frischkäse Kräuter",
  "brand": "Philadelphia",
  "regular_price": 2.75,
  "selling_price": 2.75,
  "price_per_unit": "pro 200g | 100g = 1.38 CHF",
  "breadcrumb": "Sortiment > Sortiment > Philadelphia Frischkäse Kräuter",
  "pdp_url": "https://sortiment.lidl.ch/de/philadelphia-frischkaese-kraeuter-0002717",
  "product_description": "Artikelnr.: 2717",
  "producthierarchy_level1": "Sortiment",
  "producthierarchy_level2": "Sortiment",
  "producthierarchy_level3": "Philadelphia Frischkäse Kräuter",
  "producthierarchy_level4": "",
  "producthierarchy_level5": "",
  "producthierarchy_level6": "",
  "producthierarchy_level7": "",
  "currency": "Swiss franc",
  "file_name_1": "2717_1.jpg",
  "image_url_1": "https://sortiment.lidl.ch/media/catalog/product/cache/38c728e59b3a47950872534eff8a1e63/2/7/2717_PSXX.jpg"
},
{
  "_id": {
    "$oid": "66f3aa89d23ade1eec56003f"
  },
  "unique_id": "3300",
  "product_name": "Raclette Blöckli",
  "brand": "Fromani",
  "regular_price": 1.89,
  "selling_price": 1.89,
  "price_per_unit": "pro 100g, ca. 540g",
  "breadcrumb": "Sortiment > Sortiment > Raclette Blöckli",
  "pdp_url": "https://sortiment.lidl.ch/de/raclette-bloeckli-0003300",
  "product_description": "Artikelnr.: 3300",
  "producthierarchy_level1": "Sortiment",
  "producthierarchy_level2": "Sortiment",
  "producthierarchy_level3": "Raclette Blöckli",
  "producthierarchy_level4": "",
  "producthierarchy_level5": "",
  "producthierarchy_level6": "",
  "producthierarchy_level7": "",
  "currency": "Swiss franc",
  "file_name_1": "3300_1.jpg",
  "image_url_1": "https://sortiment.lidl.ch/media/catalog/product/cache/38c728e59b3a47950872534eff8a1e63/3/3/3300_FKBF.jpg"
},
{
  "_id": {
    "$oid": "66f3aa8ad23ade1eec560040"
  },
  "unique_id": "5103150",
  "product_name": "Bio Gruyère AOP mild",
  "brand": "Fromani",
  "regular_price": 4.85,
  "selling_price": 4.85,
  "price_per_unit": "pro 200g | 100g = 2.43 CHF",
  "breadcrumb": "Sortiment > Sortiment > Bio Gruyère AOP mild",
  "pdp_url": "https://sortiment.lidl.ch/de/bio-gruyere-aop-mild-5103150",
  "product_description": "Artikelnr.: 5103150",
  "producthierarchy_level1": "Sortiment",
  "producthierarchy_level2": "Sortiment",
  "producthierarchy_level3": "Bio Gruyère AOP mild",
  "producthierarchy_level4": "",
  "producthierarchy_level5": "",
  "producthierarchy_level6": "",
  "producthierarchy_level7": "",
  "currency": "Swiss franc",
  "file_name_1": "5103150_1.jpg",
  "image_url_1": "https://sortiment.lidl.ch/media/catalog/product/cache/38c728e59b3a47950872534eff8a1e63/5/1/5103150_FKBF.jpg",
  "file_name_2": "5103150_2.jpg",
  "image_url_2": "https://sortiment.lidl.ch/media/catalog/product/cache/38c728e59b3a47950872534eff8a1e63/5/1/5103150_PSXX.jpg"
},
{
  "_id": {
    "$oid": "66f3aa8cd23ade1eec560041"
  },
  "unique_id": "6007311",
  "product_name": "Grana Padano DOP",
  "brand": "Milbona",
  "regular_price": 5.99,
  "selling_price": 5.99,
  "price_per_unit": "pro 300g | 100g = 2.00 CHF",
  "breadcrumb": "Sortiment > Sortiment > Grana Padano DOP",
  "pdp_url": "https://sortiment.lidl.ch/de/grana-padano-dop-6007311",
  "product_description": "Artikelnr.: 6007311",
  "producthierarchy_level1": "Sortiment",
  "producthierarchy_level2": "Sortiment",
  "producthierarchy_level3": "Grana Padano DOP",
  "producthierarchy_level4": "",
  "producthierarchy_level5": "",
  "producthierarchy_level6": "",
  "producthierarchy_level7": "",
  "currency": "Swiss franc",
  "file_name_1": "6007311_1.jpg",
  "image_url_1": "https://sortiment.lidl.ch/media/catalog/product/cache/38c728e59b3a47950872534eff8a1e63/6/0/6007311_Italiamo_PSXX_1.jpg",
  "file_name_2": "6007311_2.jpg",
  "image_url_2": "https://sortiment.lidl.ch/media/catalog/product/cache/38c728e59b3a47950872534eff8a1e63/6/0/6007311_Milbona_PSXX.jpg"
},
{
  "_id": {
    "$oid": "66f3aa8dd23ade1eec560042"
  },
  "unique_id": "5200745",
  "product_name": "Cheddar",
  "brand": "Milbona",
  "regular_price": 3.29,
  "selling_price": 3.29,
  "price_per_unit": "pro 200g, 250g | 100g = 1.65, 1.32 CHF",
  "breadcrumb": "Sortiment > Sortiment > Cheddar",
  "pdp_url": "https://sortiment.lidl.ch/de/cheddar-5200745",
  "product_description": "Artikelnr.: 5200745",
  "producthierarchy_level1": "Sortiment",
  "producthierarchy_level2": "Sortiment",
  "producthierarchy_level3": "Cheddar",
  "producthierarchy_level4": "",
  "producthierarchy_level5": "",
  "producthierarchy_level6": "",
  "producthierarchy_level7": "",
  "currency": "Swiss franc",
  "file_name_1": "5200745_1.jpg",
  "image_url_1": "https://sortiment.lidl.ch/media/catalog/product/cache/38c728e59b3a47950872534eff8a1e63/5/2/5200745_PSXX_4.jpg"
},
{
  "_id": {
    "$oid": "66f3aa8ed23ade1eec560043"
  },
  "unique_id": "5107542",
  "product_name": "Bio Rahmtilsiter",
  "brand": "Fromani",
  "regular_price": 3.79,
  "selling_price": 3.79,
  "price_per_unit": "pro 200g | 100g = 1.90 CHF",
  "breadcrumb": "Sortiment > Sortiment > Bio Rahmtilsiter",
  "pdp_url": "https://sortiment.lidl.ch/de/bio-rahmtilsiter-5107542",
  "product_description": "Artikelnr.: 5107542",
  "producthierarchy_level1": "Sortiment",
  "producthierarchy_level2": "Sortiment",
  "producthierarchy_level3": "Bio Rahmtilsiter",
  "producthierarchy_level4": "",
  "producthierarchy_level5": "",
  "producthierarchy_level6": "",
  "producthierarchy_level7": "",
  "currency": "Swiss franc",
  "file_name_1": "5107542_1.jpg",
  "image_url_1": "https://sortiment.lidl.ch/media/catalog/product/cache/38c728e59b3a47950872534eff8a1e63/5/1/5107542_FKBF.jpg"
},
{
  "_id": {
    "$oid": "66f3aa8fd23ade1eec560044"
  },
  "unique_id": "5104998",
  "product_name": "Schweizer Hartkäse",
  "brand": "Fromani",
  "regular_price": 2.19,
  "selling_price": 2.19,
  "price_per_unit": "pro 200g | 100g = 1.10 CHF",
  "breadcrumb": "Sortiment > Sortiment > Schweizer Hartkäse",
  "pdp_url": "https://sortiment.lidl.ch/de/schweizer-hartkaese-5104998",
  "product_description": "Artikelnr.: 5104998",
  "producthierarchy_level1": "Sortiment",
  "producthierarchy_level2": "Sortiment",
  "producthierarchy_level3": "Schweizer Hartkäse",
  "producthierarchy_level4": "",
  "producthierarchy_level5": "",
  "producthierarchy_level6": "",
  "producthierarchy_level7": "",
  "currency": "Swiss franc",
  "file_name_1": "5104998_1.jpg",
  "image_url_1": "https://sortiment.lidl.ch/media/catalog/product/cache/38c728e59b3a47950872534eff8a1e63/5/1/5104998_FKBF.jpg"
},
{
  "_id": {
    "$oid": "66f3aa90d23ade1eec560045"
  },
  "unique_id": "5103873",
  "product_name": "Appenzeller kräftig",
  "brand": "",
  "regular_price": 3.89,
  "selling_price": 2.99,
  "price_per_unit": "pro 200g | 100g = 1.50 CHF",
  "breadcrumb": "Sortiment > Sortiment > Appenzeller kräftig",
  "pdp_url": "https://sortiment.lidl.ch/de/appenzeller-kraeftig-5103873",
  "product_description": "Artikelnr.: 5103873",
  "producthierarchy_level1": "Sortiment",
  "producthierarchy_level2": "Sortiment",
  "producthierarchy_level3": "Appenzeller kräftig",
  "producthierarchy_level4": "",
  "producthierarchy_level5": "",
  "producthierarchy_level6": "",
  "producthierarchy_level7": "",
  "currency": "Swiss franc",
  "file_name_1": "5103873_1.jpg",
  "image_url_1": "https://sortiment.lidl.ch/media/amasty/amoptmobile/catalog/product/cache/38c728e59b3a47950872534eff8a1e63/5/1/5103873_FKBF.jpg"
},
{
  "_id": {
    "$oid": "66f3aa91d23ade1eec560046"
  },
  "unique_id": "5103819",
  "product_name": "Appenzeller mild",
  "brand": "",
  "regular_price": 3.45,
  "selling_price": 3.45,
  "price_per_unit": "pro 200g | 100g = 1.73 CHF",
  "breadcrumb": "Sortiment > Sortiment > Appenzeller mild",
  "pdp_url": "https://sortiment.lidl.ch/de/appenzeller-mild-5103819",
  "product_description": "Artikelnr.: 5103819",
  "producthierarchy_level1": "Sortiment",
  "producthierarchy_level2": "Sortiment",
  "producthierarchy_level3": "Appenzeller mild",
  "producthierarchy_level4": "",
  "producthierarchy_level5": "",
  "producthierarchy_level6": "",
  "producthierarchy_level7": "",
  "currency": "Swiss franc",
  "file_name_1": "5103819_1.jpg",
  "image_url_1": "https://sortiment.lidl.ch/media/catalog/product/cache/38c728e59b3a47950872534eff8a1e63/5/1/5103819_FKBF.jpg"
},
{
  "_id": {
    "$oid": "66f3aa92d23ade1eec560047"
  },
  "unique_id": "5103168",
  "product_name": "Roter Teufel",
  "brand": "Fromani",
  "regular_price": 3.99,
  "selling_price": 3.99,
  "price_per_unit": "pro 200g | 100g = 2.00 CHF",
  "breadcrumb": "Sortiment > Sortiment > Roter Teufel",
  "pdp_url": "https://sortiment.lidl.ch/de/roter-teufel-5103168",
  "product_description": "Artikelnr.: 5103168",
  "producthierarchy_level1": "Sortiment",
  "producthierarchy_level2": "Sortiment",
  "producthierarchy_level3": "Roter Teufel",
  "producthierarchy_level4": "",
  "producthierarchy_level5": "",
  "producthierarchy_level6": "",
  "producthierarchy_level7": "",
  "currency": "Swiss franc",
  "file_name_1": "5103168_1.jpg",
  "image_url_1": "https://sortiment.lidl.ch/media/catalog/product/cache/38c728e59b3a47950872534eff8a1e63/5/1/5103168_FKBF.jpg",
  "file_name_2": "5103168_2.jpg",
  "image_url_2": "https://sortiment.lidl.ch/media/catalog/product/cache/38c728e59b3a47950872534eff8a1e63/5/1/5103168_PSXX.jpg"
},
{
  "_id": {
    "$oid": "66f3aa94d23ade1eec560048"
  },
  "unique_id": "70044",
  "product_name": "Holländischer Gouda",
  "brand": "Milbona",
  "regular_price": 3.79,
  "selling_price": 3.79,
  "price_per_unit": "pro 450g | 100g = 0.85 CHF",
  "breadcrumb": "Sortiment > Sortiment > Holländischer Gouda",
  "pdp_url": "https://sortiment.lidl.ch/de/hollaendischer-gouda-0070044",
  "product_description": "Artikelnr.: 70044",
  "producthierarchy_level1": "Sortiment",
  "producthierarchy_level2": "Sortiment",
  "producthierarchy_level3": "Holländischer Gouda",
  "producthierarchy_level4": "",
  "producthierarchy_level5": "",
  "producthierarchy_level6": "",
  "producthierarchy_level7": "",
  "currency": "Swiss franc",
  "file_name_1": "70044_1.jpg",
  "image_url_1": "https://sortiment.lidl.ch/media/catalog/product/cache/38c728e59b3a47950872534eff8a1e63/7/0/70044_FKBF.jpg",
  "file_name_2": "70044_2.jpg",
  "image_url_2": "https://sortiment.lidl.ch/media/catalog/product/cache/38c728e59b3a47950872534eff8a1e63/7/0/70044_PSXX.jpg"
},
{
  "_id": {
    "$oid": "66f3aa95d23ade1eec560049"
  },
  "unique_id": "32456",
  "product_name": "Raclette Blöckli",
  "brand": "Fromani",
  "regular_price": 1.29,
  "selling_price": 1.29,
  "price_per_unit": "pro 100g, ca. 530g",
  "breadcrumb": "Sortiment > Sortiment > Raclette Blöckli",
  "pdp_url": "https://sortiment.lidl.ch/de/raclette-bloeckli-0032456",
  "product_description": "Artikelnr.: 32456",
  "producthierarchy_level1": "Sortiment",
  "producthierarchy_level2": "Sortiment",
  "producthierarchy_level3": "Raclette Blöckli",
  "producthierarchy_level4": "",
  "producthierarchy_level5": "",
  "producthierarchy_level6": "",
  "producthierarchy_level7": "",
  "currency": "Swiss franc",
  "file_name_1": "32456_1.jpg",
  "image_url_1": "https://sortiment.lidl.ch/media/catalog/product/cache/38c728e59b3a47950872534eff8a1e63/3/2/32456_FKBF.jpg"
},
{
  "_id": {
    "$oid": "66f3aa96d23ade1eec56004a"
  },
  "unique_id": "3638",
  "product_name": "Babybel Mini Original 9 Stück",
  "brand": "Babybel",
  "regular_price": 4.29,
  "selling_price": 4.29,
  "price_per_unit": "pro 9x22g | 100g = 2.17 CHF",
  "breadcrumb": "Sortiment > Sortiment > Babybel Mini Original 9 Stück",
  "pdp_url": "https://sortiment.lidl.ch/de/babybel-mini-original-9-stueck-0003638",
  "product_description": "Artikelnr.: 3638",
  "producthierarchy_level1": "Sortiment",
  "producthierarchy_level2": "Sortiment",
  "producthierarchy_level3": "Babybel Mini Original 9 Stück",
  "producthierarchy_level4": "",
  "producthierarchy_level5": "",
  "producthierarchy_level6": "",
  "producthierarchy_level7": "",
  "currency": "Swiss franc",
  "file_name_1": "3638_1.jpg",
  "image_url_1": "https://sortiment.lidl.ch/media/catalog/product/cache/38c728e59b3a47950872534eff8a1e63/3/6/3638_PSXX.jpg"
},
{
  "_id": {
    "$oid": "66f3aa97d23ade1eec56004b"
  },
  "unique_id": "3341",
  "product_name": "Gruyère AOP mild",
  "brand": "Fromani",
  "regular_price": 3.65,
  "selling_price": 3.65,
  "price_per_unit": "pro 200g | 100g = 1.83 CHF",
  "breadcrumb": "Sortiment > Sortiment > Gruyère AOP mild",
  "pdp_url": "https://sortiment.lidl.ch/de/gruyere-aop-mild-0003341",
  "product_description": "Artikelnr.: 3341",
  "producthierarchy_level1": "Sortiment",
  "producthierarchy_level2": "Sortiment",
  "producthierarchy_level3": "Gruyère AOP mild",
  "producthierarchy_level4": "",
  "producthierarchy_level5": "",
  "producthierarchy_level6": "",
  "producthierarchy_level7": "",
  "currency": "Swiss franc",
  "file_name_1": "3341_1.jpg",
  "image_url_1": "https://sortiment.lidl.ch/media/catalog/product/cache/38c728e59b3a47950872534eff8a1e63/3/3/3341_FKBF.jpg"
},
{
  "_id": {
    "$oid": "66f3aa98d23ade1eec56004c"
  },
  "unique_id": "3311",
  "product_name": "Gruyère AOP vieux",
  "brand": "Fromani",
  "regular_price": 4.69,
  "selling_price": 4.69,
  "price_per_unit": "pro 200g | 100g = 2.35 CHF",
  "breadcrumb": "Sortiment > Sortiment > Gruyère AOP vieux",
  "pdp_url": "https://sortiment.lidl.ch/de/gruyere-aop-vieux-0003311",
  "product_description": "Artikelnr.: 3311",
  "producthierarchy_level1": "Sortiment",
  "producthierarchy_level2": "Sortiment",
  "producthierarchy_level3": "Gruyère AOP vieux",
  "producthierarchy_level4": "",
  "producthierarchy_level5": "",
  "producthierarchy_level6": "",
  "producthierarchy_level7": "",
  "currency": "Swiss franc",
  "file_name_1": "3311_1.jpg",
  "image_url_1": "https://sortiment.lidl.ch/media/catalog/product/cache/38c728e59b3a47950872534eff8a1e63/3/3/3311_FKBF.jpg",
  "file_name_2": "3311_2.jpg",
  "image_url_2": "https://sortiment.lidl.ch/media/catalog/product/cache/38c728e59b3a47950872534eff8a1e63/3/3/3311_PSXX.jpg"
},
{
  "_id": {
    "$oid": "66f3aa99d23ade1eec56004d"
  },
  "unique_id": "3310",
  "product_name": "Gruyère AOP surchoix",
  "brand": "Fromani",
  "regular_price": 4.39,
  "selling_price": 4.39,
  "price_per_unit": "pro 200g | 100g = 2.20 CHF",
  "breadcrumb": "Sortiment > Sortiment > Gruyère AOP surchoix",
  "pdp_url": "https://sortiment.lidl.ch/de/gruyere-aop-surchoix-0003310",
  "product_description": "Artikelnr.: 3310",
  "producthierarchy_level1": "Sortiment",
  "producthierarchy_level2": "Sortiment",
  "producthierarchy_level3": "Gruyère AOP surchoix",
  "producthierarchy_level4": "",
  "producthierarchy_level5": "",
  "producthierarchy_level6": "",
  "producthierarchy_level7": "",
  "currency": "Swiss franc",
  "file_name_1": "3310_1.jpg",
  "image_url_1": "https://sortiment.lidl.ch/media/catalog/product/cache/38c728e59b3a47950872534eff8a1e63/3/3/3310_FKBF.jpg",
  "file_name_2": "3310_2.jpg",
  "image_url_2": "https://sortiment.lidl.ch/media/catalog/product/cache/38c728e59b3a47950872534eff8a1e63/3/3/3310_PSXX.jpg"
},
{
  "_id": {
    "$oid": "66f3aa9ad23ade1eec56004e"
  },
  "unique_id": "3309",
  "product_name": "Gruyère AOP rezent",
  "brand": "Fromani",
  "regular_price": 4.19,
  "selling_price": 4.19,
  "price_per_unit": "pro 200g | 100g = 2.10 CHF",
  "breadcrumb": "Sortiment > Sortiment > Gruyère AOP rezent",
  "pdp_url": "https://sortiment.lidl.ch/de/gruyere-aop-rezent-0003309",
  "product_description": "Artikelnr.: 3309",
  "producthierarchy_level1": "Sortiment",
  "producthierarchy_level2": "Sortiment",
  "producthierarchy_level3": "Gruyère AOP rezent",
  "producthierarchy_level4": "",
  "producthierarchy_level5": "",
  "producthierarchy_level6": "",
  "producthierarchy_level7": "",
  "currency": "Swiss franc",
  "file_name_1": "3309_1.jpg",
  "image_url_1": "https://sortiment.lidl.ch/media/catalog/product/cache/38c728e59b3a47950872534eff8a1e63/3/3/3309_FKBF.jpg",
  "file_name_2": "3309_2.jpg",
  "image_url_2": "https://sortiment.lidl.ch/media/catalog/product/cache/38c728e59b3a47950872534eff8a1e63/3/3/3309_PSXX.jpg"
},
{
  "_id": {
    "$oid": "66f3aa9bd23ade1eec56004f"
  },
  "unique_id": "3188",
  "product_name": "Vacherin Fribourgeois AOP",
  "brand": "Fromani",
  "regular_price": 3.79,
  "selling_price": 3.79,
  "price_per_unit": "pro 200g | 100g = 1.90 CHF",
  "breadcrumb": "Sortiment > Sortiment > Vacherin Fribourgeois AOP",
  "pdp_url": "https://sortiment.lidl.ch/de/vacherin-fribourgeois-aop-0003188",
  "product_description": "Artikelnr.: 3188",
  "producthierarchy_level1": "Sortiment",
  "producthierarchy_level2": "Sortiment",
  "producthierarchy_level3": "Vacherin Fribourgeois AOP",
  "producthierarchy_level4": "",
  "producthierarchy_level5": "",
  "producthierarchy_level6": "",
  "producthierarchy_level7": "",
  "currency": "Swiss franc",
  "file_name_1": "3188_1.jpg",
  "image_url_1": "https://sortiment.lidl.ch/media/catalog/product/cache/38c728e59b3a47950872534eff8a1e63/3/1/3188_FKBF_1.jpg"
},
{
  "_id": {
    "$oid": "66f3aa9cd23ade1eec560050"
  },
  "unique_id": "3186",
  "product_name": "Tilsiter mild",
  "brand": "Fromani",
  "regular_price": 3.49,
  "selling_price": 3.49,
  "price_per_unit": "pro 250g | 100g = 1.40 CHF",
  "breadcrumb": "Sortiment > Sortiment > Tilsiter mild",
  "pdp_url": "https://sortiment.lidl.ch/de/tilsiter-mild-0003186",
  "product_description": "Artikelnr.: 3186",
  "producthierarchy_level1": "Sortiment",
  "producthierarchy_level2": "Sortiment",
  "producthierarchy_level3": "Tilsiter mild",
  "producthierarchy_level4": "",
  "producthierarchy_level5": "",
  "producthierarchy_level6": "",
  "producthierarchy_level7": "",
  "currency": "Swiss franc",
  "file_name_1": "3186_1.jpg",
  "image_url_1": "https://sortiment.lidl.ch/media/catalog/product/cache/38c728e59b3a47950872534eff8a1e63/3/1/3186_FKBF.jpg",
  "file_name_2": "3186_2.jpg",
  "image_url_2": "https://sortiment.lidl.ch/media/catalog/product/cache/38c728e59b3a47950872534eff8a1e63/3/1/3186_PSXX.jpg"
},
{
  "_id": {
    "$oid": "66f3aa9dd23ade1eec560051"
  },
  "unique_id": "116839",
  "product_name": "Mini Mozzarella Kugeln",
  "brand": "Milbona",
  "regular_price": 1.49,
  "selling_price": 1.49,
  "price_per_unit": "pro 125g | 100g = 1.20 CHF",
  "breadcrumb": "Sortiment > Sortiment > Mini Mozzarella Kugeln",
  "pdp_url": "https://sortiment.lidl.ch/de/mini-mozzarella-kugeln-0116839",
  "product_description": "Artikelnr.: 116839",
  "producthierarchy_level1": "Sortiment",
  "producthierarchy_level2": "Sortiment",
  "producthierarchy_level3": "Mini Mozzarella Kugeln",
  "producthierarchy_level4": "",
  "producthierarchy_level5": "",
  "producthierarchy_level6": "",
  "producthierarchy_level7": "",
  "currency": "Swiss franc",
  "file_name_1": "116839_1.jpg",
  "image_url_1": "https://sortiment.lidl.ch/media/catalog/product/cache/38c728e59b3a47950872534eff8a1e63/1/1/116839_PSXX_1.jpg",
  "file_name_2": "116839_2.jpg",
  "image_url_2": "https://sortiment.lidl.ch/media/catalog/product/cache/38c728e59b3a47950872534eff8a1e63/1/1/116839_light_PSXX.jpg"
},
{
  "_id": {
    "$oid": "66f3aa9ed23ade1eec560052"
  },
  "unique_id": "3195",
  "product_name": "Schweizer Mozzarella",
  "brand": "Milbona",
  "regular_price": 1.49,
  "selling_price": 1.49,
  "price_per_unit": "pro 150g (Abtropfgewicht) | 100g = 1.00 CHF",
  "breadcrumb": "Sortiment > Sortiment > Schweizer Mozzarella",
  "pdp_url": "https://sortiment.lidl.ch/de/schweizer-mozzarella-0003195",
  "product_description": "Artikelnr.: 3195",
  "producthierarchy_level1": "Sortiment",
  "producthierarchy_level2": "Sortiment",
  "producthierarchy_level3": "Schweizer Mozzarella",
  "producthierarchy_level4": "",
  "producthierarchy_level5": "",
  "producthierarchy_level6": "",
  "producthierarchy_level7": "",
  "currency": "Swiss franc",
  "file_name_1": "3195_1.jpg",
  "image_url_1": "https://sortiment.lidl.ch/media/catalog/product/cache/38c728e59b3a47950872534eff8a1e63/3/1/3195_PSXX.jpg"
},
{
  "_id": {
    "$oid": "66f3aa9fd23ade1eec560053"
  },
  "unique_id": "44104",
  "product_name": "Le Crémeux",
  "brand": "Milbona",
  "regular_price": 1.69,
  "selling_price": 1.69,
  "price_per_unit": "pro 200g | 100g = 0.85 CHF",
  "breadcrumb": "Sortiment > Sortiment > Le Crémeux",
  "pdp_url": "https://sortiment.lidl.ch/de/le-cremeux-0044104",
  "product_description": "Artikelnr.: 44104",
  "producthierarchy_level1": "Sortiment",
  "producthierarchy_level2": "Sortiment",
  "producthierarchy_level3": "Le Crémeux",
  "producthierarchy_level4": "",
  "producthierarchy_level5": "",
  "producthierarchy_level6": "",
  "producthierarchy_level7": "",
  "currency": "Swiss franc",
  "file_name_1": "44104_1.jpg",
  "image_url_1": "https://sortiment.lidl.ch/media/catalog/product/cache/38c728e59b3a47950872534eff8a1e63/4/4/44104_Classic_PSXX_1.jpg",
  "file_name_2": "44104_2.jpg",
  "image_url_2": "https://sortiment.lidl.ch/media/catalog/product/cache/38c728e59b3a47950872534eff8a1e63/4/4/44104_FKBF.jpg",
  "file_name_3": "44104_3.jpg",
  "image_url_3": "https://sortiment.lidl.ch/media/catalog/product/cache/38c728e59b3a47950872534eff8a1e63/4/4/44104_Yogurt_PSXX_1.jpg",
  "file_name_4": "44104_4.jpg",
  "image_url_4": "https://sortiment.lidl.ch/media/catalog/product/cache/38c728e59b3a47950872534eff8a1e63/4/4/44104_aromatic_PSXX_1.jpg"
},
{
  "_id": {
    "$oid": "66f3aaa1d23ade1eec560054"
  },
  "unique_id": "3097",
  "product_name": "Schweizer Mozzarella Stange",
  "brand": "Milbona",
  "regular_price": 2.65,
  "selling_price": 2.65,
  "price_per_unit": "pro 300g (Abtropfgewicht) | 100g = 0.89 CHF",
  "breadcrumb": "Sortiment > Sortiment > Schweizer Mozzarella Stange",
  "pdp_url": "https://sortiment.lidl.ch/de/schweizer-mozzarella-stange-0003097",
  "product_description": "Artikelnr.: 3097",
  "producthierarchy_level1": "Sortiment",
  "producthierarchy_level2": "Sortiment",
  "producthierarchy_level3": "Schweizer Mozzarella Stange",
  "producthierarchy_level4": "",
  "producthierarchy_level5": "",
  "producthierarchy_level6": "",
  "producthierarchy_level7": "",
  "currency": "Swiss franc",
  "file_name_1": "3097_1.jpg",
  "image_url_1": "https://sortiment.lidl.ch/media/catalog/product/cache/38c728e59b3a47950872534eff8a1e63/3/0/3097_PSXX.jpg"
},
{
  "_id": {
    "$oid": "66f3aaa2d23ade1eec560055"
  },
  "unique_id": "2754",
  "product_name": "Rahmweichkäse",
  "brand": "Fromani",
  "regular_price": 2.19,
  "selling_price": 2.19,
  "price_per_unit": "pro 100g, ca. 170g",
  "breadcrumb": "Sortiment > Sortiment > Rahmweichkäse",
  "pdp_url": "https://sortiment.lidl.ch/de/rahmweichkaese-0002754",
  "product_description": "Artikelnr.: 2754",
  "producthierarchy_level1": "Sortiment",
  "producthierarchy_level2": "Sortiment",
  "producthierarchy_level3": "Rahmweichkäse",
  "producthierarchy_level4": "",
  "producthierarchy_level5": "",
  "producthierarchy_level6": "",
  "producthierarchy_level7": "",
  "currency": "Swiss franc",
  "file_name_1": "2754_1.jpg",
  "image_url_1": "https://sortiment.lidl.ch/media/catalog/product/cache/38c728e59b3a47950872534eff8a1e63/2/7/2754_Chili_PSXX.jpg",
  "file_name_2": "2754_2.jpg",
  "image_url_2": "https://sortiment.lidl.ch/media/catalog/product/cache/38c728e59b3a47950872534eff8a1e63/2/7/2754_Classic_FKBF.jpg",
  "file_name_3": "2754_3.jpg",
  "image_url_3": "https://sortiment.lidl.ch/media/catalog/product/cache/38c728e59b3a47950872534eff8a1e63/2/7/2754_Nature_PSXX_1.jpg",
  "file_name_4": "2754_4.jpg",
  "image_url_4": "https://sortiment.lidl.ch/media/catalog/product/cache/38c728e59b3a47950872534eff8a1e63/2/7/2754_Pfeffer_PSXX.jpg"
},
{
  "_id": {
    "$oid": "66f3aaa3d23ade1eec560056"
  },
  "unique_id": "1684",
  "product_name": "Jean-Louis Tomme",
  "brand": "Jean-Louis",
  "regular_price": 1.99,
  "selling_price": 1.99,
  "price_per_unit": "pro 100g",
  "breadcrumb": "Sortiment > Sortiment > Jean-Louis Tomme",
  "pdp_url": "https://sortiment.lidl.ch/de/jean-louis-tomme-0001684",
  "product_description": "Artikelnr.: 1684",
  "producthierarchy_level1": "Sortiment",
  "producthierarchy_level2": "Sortiment",
  "producthierarchy_level3": "Jean-Louis Tomme",
  "producthierarchy_level4": "",
  "producthierarchy_level5": "",
  "producthierarchy_level6": "",
  "producthierarchy_level7": "",
  "currency": "Swiss franc",
  "file_name_1": "1684_1.jpg",
  "image_url_1": "https://sortiment.lidl.ch/media/catalog/product/cache/38c728e59b3a47950872534eff8a1e63/1/6/1684_CREME_PSXX.jpg",
  "file_name_2": "1684_2.jpg",
  "image_url_2": "https://sortiment.lidl.ch/media/catalog/product/cache/38c728e59b3a47950872534eff8a1e63/1/6/1684_Cumin_PSXX.jpg",
  "file_name_3": "1684_3.jpg",
  "image_url_3": "https://sortiment.lidl.ch/media/catalog/product/cache/38c728e59b3a47950872534eff8a1e63/1/6/1684_Nature_PSXX.jpg"
},
{
  "_id": {
    "$oid": "66f3aaa4d23ade1eec560057"
  },
  "unique_id": "1531",
  "product_name": "Caprice des Dieux",
  "brand": "Caprice des Dieux",
  "regular_price": 4.39,
  "selling_price": 4.39,
  "price_per_unit": "pro 200g | 100g = 2.20 CHF",
  "breadcrumb": "Sortiment > Sortiment > Caprice des Dieux",
  "pdp_url": "https://sortiment.lidl.ch/de/caprice-des-dieux-0001531",
  "product_description": "Artikelnr.: 1531",
  "producthierarchy_level1": "Sortiment",
  "producthierarchy_level2": "Sortiment",
  "producthierarchy_level3": "Caprice des Dieux",
  "producthierarchy_level4": "",
  "producthierarchy_level5": "",
  "producthierarchy_level6": "",
  "producthierarchy_level7": "",
  "currency": "Swiss franc",
  "file_name_1": "1531_1.jpg",
  "image_url_1": "https://sortiment.lidl.ch/media/catalog/product/cache/38c728e59b3a47950872534eff8a1e63/1/5/1531_PSXX.jpg"
},
{
  "_id": {
    "$oid": "66f3aaa6d23ade1eec560058"
  },
  "unique_id": "19411",
  "product_name": "Französischer Camembert",
  "brand": "Milbona",
  "regular_price": 1.85,
  "selling_price": 1.85,
  "price_per_unit": "pro 240g, 250g | 100g = 0.78, 0.74 CHF",
  "breadcrumb": "Sortiment > Sortiment > Französischer Camembert",
  "pdp_url": "https://sortiment.lidl.ch/de/franzoesischer-camembert-0019411",
  "product_description": "Artikelnr.: 19411",
  "producthierarchy_level1": "Sortiment",
  "producthierarchy_level2": "Sortiment",
  "producthierarchy_level3": "Französischer Camembert",
  "producthierarchy_level4": "",
  "producthierarchy_level5": "",
  "producthierarchy_level6": "",
  "producthierarchy_level7": "",
  "currency": "Swiss franc",
  "file_name_1": "19411_1.jpg",
  "image_url_1": "https://sortiment.lidl.ch/media/catalog/product/cache/38c728e59b3a47950872534eff8a1e63/1/9/19411_CamembertPortionen_FKBF.jpg",
  "file_name_2": "19411_2.jpg",
  "image_url_2": "https://sortiment.lidl.ch/media/catalog/product/cache/38c728e59b3a47950872534eff8a1e63/1/9/19411_Classique_PSXX_1.jpg",
  "file_name_3": "19411_3.jpg",
  "image_url_3": "https://sortiment.lidl.ch/media/catalog/product/cache/38c728e59b3a47950872534eff8a1e63/1/9/19411_FinessCaractere_FKBF.jpg",
  "file_name_4": "19411_4.jpg",
  "image_url_4": "https://sortiment.lidl.ch/media/catalog/product/cache/38c728e59b3a47950872534eff8a1e63/1/9/19411_Finesse_PSXX_1.jpg",
  "file_name_5": "19411_5.jpg",
  "image_url_5": "https://sortiment.lidl.ch/media/catalog/product/cache/38c728e59b3a47950872534eff8a1e63/1/9/19411_PSXX.jpg",
  "file_name_6": "19411_6.jpg",
  "image_url_6": "https://sortiment.lidl.ch/media/catalog/product/cache/38c728e59b3a47950872534eff8a1e63/1/9/19411_Portionen_PSXX_1.jpg"
},
{
  "_id": {
    "$oid": "66f3aaa7d23ade1eec560059"
  },
  "unique_id": "6000486",
  "product_name": "Burrata",
  "brand": "Deluxe",
  "regular_price": 3.79,
  "selling_price": 3.79,
  "price_per_unit": "pro 200g | 100g = 1.90 CHF",
  "breadcrumb": "Sortiment > Sortiment > Burrata",
  "pdp_url": "https://sortiment.lidl.ch/de/burrata-6000486",
  "product_description": "Artikelnr.: 6000486",
  "producthierarchy_level1": "Sortiment",
  "producthierarchy_level2": "Sortiment",
  "producthierarchy_level3": "Burrata",
  "producthierarchy_level4": "",
  "producthierarchy_level5": "",
  "producthierarchy_level6": "",
  "producthierarchy_level7": "",
  "currency": "Swiss franc",
  "file_name_1": "6000486_1.jpg",
  "image_url_1": "https://sortiment.lidl.ch/media/catalog/product/cache/38c728e59b3a47950872534eff8a1e63/6/0/6000486_Deluxe_Seitlich_PSXX.jpg"
},
{
  "_id": {
    "$oid": "66f3aaa8d23ade1eec56005a"
  },
  "unique_id": "39784",
  "product_name": "Brie Spitze",
  "brand": "Milbona",
  "regular_price": 1.65,
  "selling_price": 1.65,
  "price_per_unit": "pro 200g | 100g = 0.83 CHF",
  "breadcrumb": "Sortiment > Sortiment > Brie Spitze",
  "pdp_url": "https://sortiment.lidl.ch/de/brie-spitze-0039784",
  "product_description": "Artikelnr.: 39784",
  "producthierarchy_level1": "Sortiment",
  "producthierarchy_level2": "Sortiment",
  "producthierarchy_level3": "Brie Spitze",
  "producthierarchy_level4": "",
  "producthierarchy_level5": "",
  "producthierarchy_level6": "",
  "producthierarchy_level7": "",
  "currency": "Swiss franc",
  "file_name_1": "39784_1.jpg",
  "image_url_1": "https://sortiment.lidl.ch/media/catalog/product/cache/38c728e59b3a47950872534eff8a1e63/3/9/39784_FKBF.jpg",
  "file_name_2": "39784_2.jpg",
  "image_url_2": "https://sortiment.lidl.ch/media/catalog/product/cache/38c728e59b3a47950872534eff8a1e63/3/9/39784_PSXX_1.jpg"
},
{
  "_id": {
    "$oid": "66f3aaa9d23ade1eec56005b"
  },
  "unique_id": "29694",
  "product_name": "Salatkäse",
  "brand": "Milbona",
  "regular_price": 2.23,
  "selling_price": 2.23,
  "price_per_unit": "pro 250g | 100g = 0.90 CHF",
  "breadcrumb": "Sortiment > Sortiment > Salatkäse",
  "pdp_url": "https://sortiment.lidl.ch/de/salatkaese-0029694",
  "product_description": "Artikelnr.: 29694",
  "producthierarchy_level1": "Sortiment",
  "producthierarchy_level2": "Sortiment",
  "producthierarchy_level3": "Salatkäse",
  "producthierarchy_level4": "",
  "producthierarchy_level5": "",
  "producthierarchy_level6": "",
  "producthierarchy_level7": "",
  "currency": "Swiss franc",
  "file_name_1": "29694_1.jpg",
  "image_url_1": "https://sortiment.lidl.ch/media/catalog/product/cache/38c728e59b3a47950872534eff8a1e63/2/9/29694_PSXX_1.jpg"
},
{
  "_id": {
    "$oid": "66f3aaaad23ade1eec56005c"
  },
  "unique_id": "22725",
  "product_name": "Salatkäse in Salzlake",
  "brand": "Milbona",
  "regular_price": 6.99,
  "selling_price": 6.99,
  "price_per_unit": "pro 1kg",
  "breadcrumb": "Sortiment > Sortiment > Salatkäse in Salzlake",
  "pdp_url": "https://sortiment.lidl.ch/de/salatkaese-in-salzlake-0022725",
  "product_description": "Artikelnr.: 22725",
  "producthierarchy_level1": "Sortiment",
  "producthierarchy_level2": "Sortiment",
  "producthierarchy_level3": "Salatkäse in Salzlake",
  "producthierarchy_level4": "",
  "producthierarchy_level5": "",
  "producthierarchy_level6": "",
  "producthierarchy_level7": "",
  "currency": "Swiss franc",
  "file_name_1": "22725_1.jpg",
  "image_url_1": "https://sortiment.lidl.ch/media/catalog/product/cache/38c728e59b3a47950872534eff8a1e63/2/2/22725_PSXX.jpg"
},
{
  "_id": {
    "$oid": "66f3aaabd23ade1eec56005d"
  },
  "unique_id": "19051",
  "product_name": "Mozzarella classic",
  "brand": "Milbona",
  "regular_price": 0.95,
  "selling_price": 0.95,
  "price_per_unit": "pro 125g | 100g = 0.76 CHF",
  "breadcrumb": "Sortiment > Sortiment > Mozzarella classic",
  "pdp_url": "https://sortiment.lidl.ch/de/mozzarella-classic-0019051",
  "product_description": "Artikelnr.: 19051",
  "producthierarchy_level1": "Sortiment",
  "producthierarchy_level2": "Sortiment",
  "producthierarchy_level3": "Mozzarella classic",
  "producthierarchy_level4": "",
  "producthierarchy_level5": "",
  "producthierarchy_level6": "",
  "producthierarchy_level7": "",
  "currency": "Swiss franc",
  "file_name_1": "19051_1.jpg",
  "image_url_1": "https://sortiment.lidl.ch/media/catalog/product/cache/38c728e59b3a47950872534eff8a1e63/1/9/19051_FKBF.jpg",
  "file_name_2": "19051_2.jpg",
  "image_url_2": "https://sortiment.lidl.ch/media/catalog/product/cache/38c728e59b3a47950872534eff8a1e63/1/9/19051_PSXX.jpg"
},
{
  "_id": {
    "$oid": "66f3aaadd23ade1eec56005e"
  },
  "unique_id": "19050",
  "product_name": "Mozzarella light",
  "brand": "Milbona",
  "regular_price": 0.95,
  "selling_price": 0.95,
  "price_per_unit": "pro 125g | 100g = 0.76 CHF",
  "breadcrumb": "Sortiment > Sortiment > Mozzarella light",
  "pdp_url": "https://sortiment.lidl.ch/de/mozzarella-light-0019050",
  "product_description": "Artikelnr.: 19050",
  "producthierarchy_level1": "Sortiment",
  "producthierarchy_level2": "Sortiment",
  "producthierarchy_level3": "Mozzarella light",
  "producthierarchy_level4": "",
  "producthierarchy_level5": "",
  "producthierarchy_level6": "",
  "producthierarchy_level7": "",
  "currency": "Swiss franc",
  "file_name_1": "19050_1.jpg",
  "image_url_1": "https://sortiment.lidl.ch/media/catalog/product/cache/38c728e59b3a47950872534eff8a1e63/1/9/19050_PSXX.jpg"
},
{
  "_id": {
    "$oid": "66f3aaaed23ade1eec56005f"
  },
  "unique_id": "109833",
  "product_name": "Maasdamer Spezialitäten",
  "brand": "Milbona",
  "regular_price": 2.25,
  "selling_price": 2.25,
  "price_per_unit": "pro 200g | 100g = 1.13 CHF",
  "breadcrumb": "Sortiment > Sortiment > Maasdamer Spezialitäten",
  "pdp_url": "https://sortiment.lidl.ch/de/maasdamer-spezialitaeten-0109833",
  "product_description": "Artikelnr.: 109833",
  "producthierarchy_level1": "Sortiment",
  "producthierarchy_level2": "Sortiment",
  "producthierarchy_level3": "Maasdamer Spezialitäten",
  "producthierarchy_level4": "",
  "producthierarchy_level5": "",
  "producthierarchy_level6": "",
  "producthierarchy_level7": "",
  "currency": "Swiss franc",
  "file_name_1": "109833_1.jpg",
  "image_url_1": "https://sortiment.lidl.ch/media/catalog/product/cache/38c728e59b3a47950872534eff8a1e63/1/0/109833_Caractere_PSXX.jpg",
  "file_name_2": "109833_2.jpg",
  "image_url_2": "https://sortiment.lidl.ch/media/catalog/product/cache/38c728e59b3a47950872534eff8a1e63/1/0/109833_Lacreme_PSXX.jpg"
},
{
  "_id": {
    "$oid": "66f3aaafd23ade1eec560060"
  },
  "unique_id": "2779",
  "product_name": "Raclette Scheiben aromatisiert",
  "brand": "Fromani",
  "regular_price": 6.49,
  "selling_price": 6.49,
  "price_per_unit": "pro 300g | 100g = 2.17 CHF",
  "breadcrumb": "Sortiment > Sortiment > Raclette Scheiben aromatisiert",
  "pdp_url": "https://sortiment.lidl.ch/de/raclette-scheiben-aromatisiert-0002779",
  "product_description": "Artikelnr.: 2779",
  "producthierarchy_level1": "Sortiment",
  "producthierarchy_level2": "Sortiment",
  "producthierarchy_level3": "Raclette Scheiben aromatisiert",
  "producthierarchy_level4": "",
  "producthierarchy_level5": "",
  "producthierarchy_level6": "",
  "producthierarchy_level7": "",
  "currency": "Swiss franc",
  "file_name_1": "2779_1.jpg",
  "image_url_1": "https://sortiment.lidl.ch/media/catalog/product/cache/38c728e59b3a47950872534eff8a1e63/2/7/2779_Chili_PSXX.jpg",
  "file_name_2": "2779_2.jpg",
  "image_url_2": "https://sortiment.lidl.ch/media/catalog/product/cache/38c728e59b3a47950872534eff8a1e63/2/7/2779_FKBF.jpg",
  "file_name_3": "2779_3.jpg",
  "image_url_3": "https://sortiment.lidl.ch/media/catalog/product/cache/38c728e59b3a47950872534eff8a1e63/2/7/2779_Knoblauch_PSXX.jpg",
  "file_name_4": "2779_4.jpg",
  "image_url_4": "https://sortiment.lidl.ch/media/catalog/product/cache/38c728e59b3a47950872534eff8a1e63/2/7/2779_Pfeffer_PSXX.jpg"
},
{
  "_id": {
    "$oid": "66f3aab0d23ade1eec560061"
  },
  "unique_id": "2764",
  "product_name": "Schweizer Käsescheiben",
  "brand": "Fromani",
  "regular_price": 3.89,
  "selling_price": 3.89,
  "price_per_unit": "pro 150g | 100g = 2.60 CHF",
  "breadcrumb": "Sortiment > Sortiment > Schweizer Käsescheiben",
  "pdp_url": "https://sortiment.lidl.ch/de/schweizer-kaesescheiben-0002764",
  "product_description": "Artikelnr.: 2764",
  "producthierarchy_level1": "Sortiment",
  "producthierarchy_level2": "Sortiment",
  "producthierarchy_level3": "Schweizer Käsescheiben",
  "producthierarchy_level4": "",
  "producthierarchy_level5": "",
  "producthierarchy_level6": "",
  "producthierarchy_level7": "",
  "currency": "Swiss franc",
  "file_name_1": "2764_1.jpg",
  "image_url_1": "https://sortiment.lidl.ch/media/catalog/product/cache/38c728e59b3a47950872534eff8a1e63/2/7/2764_Appenzeller_PSXX.jpg",
  "file_name_2": "2764_2.jpg",
  "image_url_2": "https://sortiment.lidl.ch/media/catalog/product/cache/38c728e59b3a47950872534eff8a1e63/2/7/2764_Emmentaler_PSXX.jpg",
  "file_name_3": "2764_3.jpg",
  "image_url_3": "https://sortiment.lidl.ch/media/catalog/product/cache/38c728e59b3a47950872534eff8a1e63/2/7/2764_FKBF_1.jpg",
  "file_name_4": "2764_4.jpg",
  "image_url_4": "https://sortiment.lidl.ch/media/catalog/product/cache/38c728e59b3a47950872534eff8a1e63/2/7/2764_Gruyere_PSXX.jpg"
},
{
  "_id": {
    "$oid": "66f3aab1d23ade1eec560062"
  },
  "unique_id": "2670",
  "product_name": "Fol Epi Käsescheiben",
  "brand": "Fol Epi",
  "regular_price": 3.49,
  "selling_price": 3.49,
  "price_per_unit": "pro 100g, 130g, 150g | 100g = 3.49, 2.69, 2.33 CHF",
  "breadcrumb": "Sortiment > Sortiment > Fol Epi Käsescheiben",
  "pdp_url": "https://sortiment.lidl.ch/de/fol-epi-kaesescheiben-0002670",
  "product_description": "Artikelnr.: 2670",
  "producthierarchy_level1": "Sortiment",
  "producthierarchy_level2": "Sortiment",
  "producthierarchy_level3": "Fol Epi Käsescheiben",
  "producthierarchy_level4": "",
  "producthierarchy_level5": "",
  "producthierarchy_level6": "",
  "producthierarchy_level7": "",
  "currency": "Swiss franc",
  "file_name_1": "2670_1.jpg",
  "image_url_1": "https://sortiment.lidl.ch/media/catalog/product/cache/38c728e59b3a47950872534eff8a1e63/2/6/2670_Classic_PSXX.jpg",
  "file_name_2": "2670_2.jpg",
  "image_url_2": "https://sortiment.lidl.ch/media/catalog/product/cache/38c728e59b3a47950872534eff8a1e63/2/6/2670_Cremig_PSXX_1.jpg",
  "file_name_3": "2670_3.jpg",
  "image_url_3": "https://sortiment.lidl.ch/media/catalog/product/cache/38c728e59b3a47950872534eff8a1e63/2/6/2670_ExtraFines_PSXX_1.jpg",
  "file_name_4": "2670_4.jpg",
  "image_url_4": "https://sortiment.lidl.ch/media/catalog/product/cache/38c728e59b3a47950872534eff8a1e63/2/6/2670_Legere_PSXX_1.jpg"
},
{
  "_id": {
    "$oid": "66f3aab2d23ade1eec560063"
  },
  "unique_id": "5103938",
  "product_name": "Raclette Scheiben",
  "brand": "Fromani",
  "regular_price": 6.49,
  "selling_price": 6.49,
  "price_per_unit": "pro 300g | 100g = 2.17 CHF",
  "breadcrumb": "Sortiment > Sortiment > Raclette Scheiben",
  "pdp_url": "https://sortiment.lidl.ch/de/raclette-scheiben-5103938",
  "product_description": "Artikelnr.: 5103938",
  "producthierarchy_level1": "Sortiment",
  "producthierarchy_level2": "Sortiment",
  "producthierarchy_level3": "Raclette Scheiben",
  "producthierarchy_level4": "",
  "producthierarchy_level5": "",
  "producthierarchy_level6": "",
  "producthierarchy_level7": "",
  "currency": "Swiss franc",
  "file_name_1": "5103938_1.jpg",
  "image_url_1": "https://sortiment.lidl.ch/media/catalog/product/cache/38c728e59b3a47950872534eff8a1e63/5/1/5103938_FKBF_1.jpg",
  "file_name_2": "5103938_2.jpg",
  "image_url_2": "https://sortiment.lidl.ch/media/catalog/product/cache/38c728e59b3a47950872534eff8a1e63/5/1/5103938_geraeuchert_PSXX.jpg",
  "file_name_3": "5103938_3.jpg",
  "image_url_3": "https://sortiment.lidl.ch/media/catalog/product/cache/38c728e59b3a47950872534eff8a1e63/5/1/5103938_surchoix_PSXX.jpg"
},
{
  "_id": {
    "$oid": "66f3aab3d23ade1eec560064"
  },
  "unique_id": "6000362",
  "product_name": "Provoletta Dolce Scheiben",
  "brand": "Milbona",
  "regular_price": 2.79,
  "selling_price": 2.79,
  "price_per_unit": "pro 140g | 100g = 2.00 CHF",
  "breadcrumb": "Sortiment > Sortiment > Provoletta Dolce Scheiben",
  "pdp_url": "https://sortiment.lidl.ch/de/provoletta-dolce-scheiben-6000362",
  "product_description": "Artikelnr.: 6000362",
  "producthierarchy_level1": "Sortiment",
  "producthierarchy_level2": "Sortiment",
  "producthierarchy_level3": "Provoletta Dolce Scheiben",
  "producthierarchy_level4": "",
  "producthierarchy_level5": "",
  "producthierarchy_level6": "",
  "producthierarchy_level7": "",
  "currency": "Swiss franc",
  "file_name_1": "6000362_1.jpg",
  "image_url_1": "https://sortiment.lidl.ch/media/catalog/product/cache/38c728e59b3a47950872534eff8a1e63/6/0/6000362_Classic_PSXX.jpg",
  "file_name_2": "6000362_2.jpg",
  "image_url_2": "https://sortiment.lidl.ch/media/catalog/product/cache/38c728e59b3a47950872534eff8a1e63/6/0/6000362_geraeuchert_PSXX.jpg"
},
{
  "_id": {
    "$oid": "66f3aab4d23ade1eec560065"
  },
  "unique_id": "34829",
  "product_name": "Tête de Moine AOP Rosetten",
  "brand": "Fromani",
  "regular_price": 3.99,
  "selling_price": 3.99,
  "price_per_unit": "pro 100g",
  "breadcrumb": "Sortiment > Sortiment > Tête de Moine AOP Rosetten",
  "pdp_url": "https://sortiment.lidl.ch/de/tete-de-moine-aop-rosetten-0034829",
  "product_description": "Artikelnr.: 34829",
  "producthierarchy_level1": "Sortiment",
  "producthierarchy_level2": "Sortiment",
  "producthierarchy_level3": "Tête de Moine AOP Rosetten",
  "producthierarchy_level4": "",
  "producthierarchy_level5": "",
  "producthierarchy_level6": "",
  "producthierarchy_level7": "",
  "currency": "Swiss franc",
  "file_name_1": "34829_1.jpg",
  "image_url_1": "https://sortiment.lidl.ch/media/catalog/product/cache/38c728e59b3a47950872534eff8a1e63/3/4/34829_FKBF.jpg",
  "file_name_2": "34829_2.jpg",
  "image_url_2": "https://sortiment.lidl.ch/media/catalog/product/cache/38c728e59b3a47950872534eff8a1e63/3/4/34829_PSXX.jpg"
},
{
  "_id": {
    "$oid": "66f3aab5d23ade1eec560066"
  },
  "unique_id": "32459",
  "product_name": "Raclette-Scheiben nature",
  "brand": "Fromani",
  "regular_price": 5.99,
  "selling_price": 5.99,
  "price_per_unit": "pro 400g | 100g = 1.50 CHF",
  "breadcrumb": "Sortiment > Sortiment > Raclette-Scheiben nature",
  "pdp_url": "https://sortiment.lidl.ch/de/raclette-scheiben-nature-0032459",
  "product_description": "Artikelnr.: 32459",
  "producthierarchy_level1": "Sortiment",
  "producthierarchy_level2": "Sortiment",
  "producthierarchy_level3": "Raclette-Scheiben nature",
  "producthierarchy_level4": "",
  "producthierarchy_level5": "",
  "producthierarchy_level6": "",
  "producthierarchy_level7": "",
  "currency": "Swiss franc",
  "file_name_1": "32459_1.jpg",
  "image_url_1": "https://sortiment.lidl.ch/media/catalog/product/cache/38c728e59b3a47950872534eff8a1e63/3/2/32459_FKBF.jpg",
  "file_name_2": "32459_2.jpg",
  "image_url_2": "https://sortiment.lidl.ch/media/catalog/product/cache/38c728e59b3a47950872534eff8a1e63/3/2/32459_PSXX.jpg"
},
{
  "_id": {
    "$oid": "66f3aab7d23ade1eec560067"
  },
  "unique_id": "3508",
  "product_name": "Leerdammer Käsescheiben",
  "brand": "Leerdammer",
  "regular_price": 4.25,
  "selling_price": 4.25,
  "price_per_unit": "pro 225g | 100g = 1.89 CHF",
  "breadcrumb": "Sortiment > Sortiment > Leerdammer Käsescheiben",
  "pdp_url": "https://sortiment.lidl.ch/de/leerdammer-kaesescheiben-0003508",
  "product_description": "Artikelnr.: 3508",
  "producthierarchy_level1": "Sortiment",
  "producthierarchy_level2": "Sortiment",
  "producthierarchy_level3": "Leerdammer Käsescheiben",
  "producthierarchy_level4": "",
  "producthierarchy_level5": "",
  "producthierarchy_level6": "",
  "producthierarchy_level7": "",
  "currency": "Swiss franc",
  "file_name_1": "3508_1.jpg",
  "image_url_1": "https://sortiment.lidl.ch/media/catalog/product/cache/38c728e59b3a47950872534eff8a1e63/3/5/3508_Caractere_PSXX.jpg",
  "file_name_2": "3508_2.jpg",
  "image_url_2": "https://sortiment.lidl.ch/media/catalog/product/cache/38c728e59b3a47950872534eff8a1e63/3/5/3508_Lightife_PSXX.jpg",
  "file_name_3": "3508_3.jpg",
  "image_url_3": "https://sortiment.lidl.ch/media/catalog/product/cache/38c728e59b3a47950872534eff8a1e63/3/5/3508_Original_PSXX.jpg"
},
{
  "_id": {
    "$oid": "66f3aab8d23ade1eec560068"
  },
  "unique_id": "28901",
  "product_name": "Pflaster",
  "brand": "Sensiplast",
  "regular_price": 0.99,
  "selling_price": 0.99,
  "price_per_unit": "pro 20 Stück, 40 Stück | 1 Stk = 0.05, 0.03 CHF",
  "breadcrumb": "Sortiment > Sortiment > Pflaster",
  "pdp_url": "https://sortiment.lidl.ch/de/pflaster-0028901",
  "product_description": "Artikelnr.: 28901",
  "producthierarchy_level1": "Sortiment",
  "producthierarchy_level2": "Sortiment",
  "producthierarchy_level3": "Pflaster",
  "producthierarchy_level4": "",
  "producthierarchy_level5": "",
  "producthierarchy_level6": "",
  "producthierarchy_level7": "",
  "currency": "Swiss franc",
  "file_name_1": "28901_1.jpg",
  "image_url_1": "https://sortiment.lidl.ch/media/catalog/product/cache/38c728e59b3a47950872534eff8a1e63/2/8/28901_Peppa_Pig_Kids_PSXX.jpg",
  "file_name_2": "28901_2.jpg",
  "image_url_2": "https://sortiment.lidl.ch/media/catalog/product/cache/38c728e59b3a47950872534eff8a1e63/2/8/28901_Pflasterstrips_PSXX.jpg",
  "file_name_3": "28901_3.jpg",
  "image_url_3": "https://sortiment.lidl.ch/media/catalog/product/cache/38c728e59b3a47950872534eff8a1e63/2/8/28901_Pflasterstrips_Sensitiv_PSXX.jpg",
  "file_name_4": "28901_4.jpg",
  "image_url_4": "https://sortiment.lidl.ch/media/catalog/product/cache/38c728e59b3a47950872534eff8a1e63/2/8/28901_Wundpflaster_Classic_PSXX.jpg"
},
{
  "_id": {
    "$oid": "66f3aabad23ade1eec560069"
  },
  "unique_id": "58708",
  "product_name": "Servietten 33cm x 33cm",
  "brand": "Floralys",
  "regular_price": 0.89,
  "selling_price": 0.89,
  "price_per_unit": "pro 30 Stück",
  "breadcrumb": "Sortiment > Sortiment > Servietten 33cm x 33cm",
  "pdp_url": "https://sortiment.lidl.ch/de/servietten-33cm-x-33cm-0058708",
  "product_description": "Artikelnr.: 58708",
  "producthierarchy_level1": "Sortiment",
  "producthierarchy_level2": "Sortiment",
  "producthierarchy_level3": "Servietten 33cm x 33cm",
  "producthierarchy_level4": "",
  "producthierarchy_level5": "",
  "producthierarchy_level6": "",
  "producthierarchy_level7": "",
  "currency": "Swiss franc",
  "file_name_1": "58708_1.jpg",
  "image_url_1": "https://sortiment.lidl.ch/media/catalog/product/cache/38c728e59b3a47950872534eff8a1e63/5/8/58708_blau_PSXX.jpg",
  "file_name_2": "58708_2.jpg",
  "image_url_2": "https://sortiment.lidl.ch/media/catalog/product/cache/38c728e59b3a47950872534eff8a1e63/5/8/58708_pink_PSXX.jpg",
  "file_name_3": "58708_3.jpg",
  "image_url_3": "https://sortiment.lidl.ch/media/catalog/product/cache/38c728e59b3a47950872534eff8a1e63/5/8/58708_weiss_PSXX.jpg"
},
{
  "_id": {
    "$oid": "66f3aabbd23ade1eec56006a"
  },
  "unique_id": "29789",
  "product_name": "Taschentücher Soft, 4-lagig",
  "brand": "Floralys",
  "regular_price": 2.79,
  "selling_price": 2.79,
  "price_per_unit": "pro 300Blatt",
  "breadcrumb": "Sortiment > Sortiment > Taschentücher Soft, 4-lagig",
  "pdp_url": "https://sortiment.lidl.ch/de/taschentuecher-soft-4-lagig-0029789",
  "product_description": "Artikelnr.: 29789",
  "producthierarchy_level1": "Sortiment",
  "producthierarchy_level2": "Sortiment",
  "producthierarchy_level3": "Taschentücher Soft, 4-lagig",
  "producthierarchy_level4": "",
  "producthierarchy_level5": "",
  "producthierarchy_level6": "",
  "producthierarchy_level7": "",
  "currency": "Swiss franc",
  "file_name_1": "29789_1.jpg",
  "image_url_1": "https://sortiment.lidl.ch/media/amasty/amoptmobile/catalog/product/cache/38c728e59b3a47950872534eff8a1e63/2/9/29789_PSXX.jpg"
},
{
  "_id": {
    "$oid": "66f3aabcd23ade1eec56006b"
  },
  "unique_id": "25018",
  "product_name": "Taschentücher-Box 4-lagig",
  "brand": "Floralys",
  "regular_price": 1.79,
  "selling_price": 1.79,
  "price_per_unit": "pro 100 Stück",
  "breadcrumb": "Sortiment > Sortiment > Taschentücher-Box 4-lagig",
  "pdp_url": "https://sortiment.lidl.ch/de/taschentuecher-box-4-lagig-0025018",
  "product_description": "Artikelnr.: 25018",
  "producthierarchy_level1": "Sortiment",
  "producthierarchy_level2": "Sortiment",
  "producthierarchy_level3": "Taschentücher-Box 4-lagig",
  "producthierarchy_level4": "",
  "producthierarchy_level5": "",
  "producthierarchy_level6": "",
  "producthierarchy_level7": "",
  "currency": "Swiss franc",
  "file_name_1": "25018_1.jpg",
  "image_url_1": "https://sortiment.lidl.ch/media/catalog/product/cache/38c728e59b3a47950872534eff8a1e63/2/5/25018_PSXX.jpg",
  "file_name_2": "25018_2.jpg",
  "image_url_2": "https://sortiment.lidl.ch/media/catalog/product/cache/38c728e59b3a47950872534eff8a1e63/2/5/25018_gruene_Blaetter_PSXX.jpg"
},
{
  "_id": {
    "$oid": "66f3aabdd23ade1eec56006c"
  },
  "unique_id": "18796",
  "product_name": "Backpapier",
  "brand": "Aromata",
  "regular_price": 1.39,
  "selling_price": 1.39,
  "price_per_unit": "pro 30 Stück | 1 Stk = 0.05 CHF",
  "breadcrumb": "Sortiment > Sortiment > Backpapier",
  "pdp_url": "https://sortiment.lidl.ch/de/backpapier-0018796",
  "product_description": "Artikelnr.: 18796",
  "producthierarchy_level1": "Sortiment",
  "producthierarchy_level2": "Sortiment",
  "producthierarchy_level3": "Backpapier",
  "producthierarchy_level4": "",
  "producthierarchy_level5": "",
  "producthierarchy_level6": "",
  "producthierarchy_level7": "",
  "currency": "Swiss franc",
  "file_name_1": "18796_1.jpg",
  "image_url_1": "https://sortiment.lidl.ch/media/catalog/product/cache/38c728e59b3a47950872534eff8a1e63/1/8/18796_PSXX.jpg"
},
{
  "_id": {
    "$oid": "66f3aabfd23ade1eec56006d"
  },
  "unique_id": "29774",
  "product_name": "Kehrichtsäcke 110l",
  "brand": "Purio",
  "regular_price": 3.55,
  "selling_price": 3.55,
  "price_per_unit": "pro 10 Stück",
  "breadcrumb": "Sortiment > Sortiment > Kehrichtsäcke 110l",
  "pdp_url": "https://sortiment.lidl.ch/de/kehrichtsaecke-110l-0029774",
  "product_description": "Artikelnr.: 29774",
  "producthierarchy_level1": "Sortiment",
  "producthierarchy_level2": "Sortiment",
  "producthierarchy_level3": "Kehrichtsäcke 110l",
  "producthierarchy_level4": "",
  "producthierarchy_level5": "",
  "producthierarchy_level6": "",
  "producthierarchy_level7": "",
  "currency": "Swiss franc",
  "file_name_1": "29774_1.jpg",
  "image_url_1": "https://sortiment.lidl.ch/media/catalog/product/cache/38c728e59b3a47950872534eff8a1e63/2/9/29774_110_PSXX_1.jpg"
},
{
  "_id": {
    "$oid": "66f3aac0d23ade1eec56006e"
  },
  "unique_id": "29773",
  "product_name": "Kehrichtsäcke 60l",
  "brand": "Purio",
  "regular_price": 3.09,
  "selling_price": 3.09,
  "price_per_unit": "pro 10 Stück",
  "breadcrumb": "Sortiment > Sortiment > Kehrichtsäcke 60l",
  "pdp_url": "https://sortiment.lidl.ch/de/kehrichtsaecke-60l-0029773",
  "product_description": "Artikelnr.: 29773",
  "producthierarchy_level1": "Sortiment",
  "producthierarchy_level2": "Sortiment",
  "producthierarchy_level3": "Kehrichtsäcke 60l",
  "producthierarchy_level4": "",
  "producthierarchy_level5": "",
  "producthierarchy_level6": "",
  "producthierarchy_level7": "",
  "currency": "Swiss franc",
  "file_name_1": "29773_1.jpg",
  "image_url_1": "https://sortiment.lidl.ch/media/amasty/amoptmobile/catalog/product/cache/38c728e59b3a47950872534eff8a1e63/2/9/29773_purio_kehrichtsaecke_60l_PSXX.jpg"
},
{
  "_id": {
    "$oid": "66f3aac1d23ade1eec56006f"
  },
  "unique_id": "29772",
  "product_name": "Kehrichtsäcke 35l",
  "brand": "Purio",
  "regular_price": 3.39,
  "selling_price": 3.39,
  "price_per_unit": "pro 20 Stück",
  "breadcrumb": "Sortiment > Sortiment > Kehrichtsäcke 35l",
  "pdp_url": "https://sortiment.lidl.ch/de/kehrichtsaecke-35l-0029772",
  "product_description": "Artikelnr.: 29772",
  "producthierarchy_level1": "Sortiment",
  "producthierarchy_level2": "Sortiment",
  "producthierarchy_level3": "Kehrichtsäcke 35l",
  "producthierarchy_level4": "",
  "producthierarchy_level5": "",
  "producthierarchy_level6": "",
  "producthierarchy_level7": "",
  "currency": "Swiss franc",
  "file_name_1": "29772_1.jpg",
  "image_url_1": "https://sortiment.lidl.ch/media/catalog/product/cache/38c728e59b3a47950872534eff8a1e63/2/9/29772_purio_kehrichtsaecke_35l_PSXX.jpg"
},
{
  "_id": {
    "$oid": "66f3aac2d23ade1eec560070"
  },
  "unique_id": "18957",
  "product_name": "Aluminiumfolie",
  "brand": "Aromata",
  "regular_price": 2.79,
  "selling_price": 2.79,
  "price_per_unit": "pro Stück",
  "breadcrumb": "Sortiment > Sortiment > Aluminiumfolie",
  "pdp_url": "https://sortiment.lidl.ch/de/aluminiumfolie-0018957",
  "product_description": "Artikelnr.: 18957",
  "producthierarchy_level1": "Sortiment",
  "producthierarchy_level2": "Sortiment",
  "producthierarchy_level3": "Aluminiumfolie",
  "producthierarchy_level4": "",
  "producthierarchy_level5": "",
  "producthierarchy_level6": "",
  "producthierarchy_level7": "",
  "currency": "Swiss franc",
  "file_name_1": "18957_1.jpg",
  "image_url_1": "https://sortiment.lidl.ch/media/catalog/product/cache/38c728e59b3a47950872534eff8a1e63/1/8/18957_PSXX.jpg"
},
{
  "_id": {
    "$oid": "66f3aac3d23ade1eec560071"
  },
  "unique_id": "1657",
  "product_name": "Carefree Slipeinlagen",
  "brand": "Carefree",
  "regular_price": 3.55,
  "selling_price": 3.55,
  "price_per_unit": "pro 48 Stück, 56 Stück | 1 Stk = 0.09, 0.08, 0.07 CHF",
  "breadcrumb": "Sortiment > Sortiment > Carefree Slipeinlagen",
  "pdp_url": "https://sortiment.lidl.ch/de/carefree-slipeinlagen-0001657",
  "product_description": "Artikelnr.: 1657",
  "producthierarchy_level1": "Sortiment",
  "producthierarchy_level2": "Sortiment",
  "producthierarchy_level3": "Carefree Slipeinlagen",
  "producthierarchy_level4": "",
  "producthierarchy_level5": "",
  "producthierarchy_level6": "",
  "producthierarchy_level7": "",
  "currency": "Swiss franc",
  "file_name_1": "1657_1.jpg",
  "image_url_1": "https://sortiment.lidl.ch/media/catalog/product/cache/38c728e59b3a47950872534eff8a1e63/1/6/1657_Flexiform_PSXX_001.jpg",
  "file_name_2": "1657_2.jpg",
  "image_url_2": "https://sortiment.lidl.ch/media/catalog/product/cache/38c728e59b3a47950872534eff8a1e63/1/6/1657_Large_PSXX_001.jpg",
  "file_name_3": "1657_3.jpg",
  "image_url_3": "https://sortiment.lidl.ch/media/catalog/product/cache/38c728e59b3a47950872534eff8a1e63/1/6/1657_Long_PSXX_001.jpg",
  "file_name_4": "1657_4.jpg",
  "image_url_4": "https://sortiment.lidl.ch/media/catalog/product/cache/38c728e59b3a47950872534eff8a1e63/1/6/1657_Normal.jpg",
  "file_name_5": "1657_5.jpg",
  "image_url_5": "https://sortiment.lidl.ch/media/catalog/product/cache/38c728e59b3a47950872534eff8a1e63/1/6/1657_PlusNormal_PSXX_001.jpg"
},
{
  "_id": {
    "$oid": "66f3aac4d23ade1eec560072"
  },
  "unique_id": "130998",
  "product_name": "Wickelunterlagen",
  "brand": "Lupilu",
  "regular_price": 3.89,
  "selling_price": 3.89,
  "price_per_unit": "pro 10 Stück | 1 Stk = 0.39 CHF",
  "breadcrumb": "Sortiment > Sortiment > Wickelunterlagen",
  "pdp_url": "https://sortiment.lidl.ch/de/wickelunterlagen-0130998",
  "product_description": "Artikelnr.: 130998",
  "producthierarchy_level1": "Sortiment",
  "producthierarchy_level2": "Sortiment",
  "producthierarchy_level3": "Wickelunterlagen",
  "producthierarchy_level4": "",
  "producthierarchy_level5": "",
  "producthierarchy_level6": "",
  "producthierarchy_level7": "",
  "currency": "Swiss franc",
  "file_name_1": "130998_1.jpg",
  "image_url_1": "https://sortiment.lidl.ch/media/catalog/product/cache/38c728e59b3a47950872534eff8a1e63/1/3/130998_PSXX.jpg"
},
{
  "_id": {
    "$oid": "66f3aac5d23ade1eec560073"
  },
  "unique_id": "29451",
  "product_name": "Maxi Binden mit Aloe Vera",
  "brand": "Siempre",
  "regular_price": 0.59,
  "selling_price": 0.59,
  "price_per_unit": "pro 14 Stück, 20 Stück | 1 Stk = 0.05, 0.03 CHF",
  "breadcrumb": "Sortiment > Sortiment > Maxi Binden mit Aloe Vera",
  "pdp_url": "https://sortiment.lidl.ch/de/maxi-binden-mit-aloe-vera-0029451",
  "product_description": "Artikelnr.: 29451",
  "producthierarchy_level1": "Sortiment",
  "producthierarchy_level2": "Sortiment",
  "producthierarchy_level3": "Maxi Binden mit Aloe Vera",
  "producthierarchy_level4": "",
  "producthierarchy_level5": "",
  "producthierarchy_level6": "",
  "producthierarchy_level7": "",
  "currency": "Swiss franc",
  "file_name_1": "29451_1.jpg",
  "image_url_1": "https://sortiment.lidl.ch/media/catalog/product/cache/38c728e59b3a47950872534eff8a1e63/2/9/29451_lang_PSXX_1.jpg",
  "file_name_2": "29451_2.jpg",
  "image_url_2": "https://sortiment.lidl.ch/media/catalog/product/cache/38c728e59b3a47950872534eff8a1e63/2/9/29451_normal_PSXX_1.jpg",
  "file_name_3": "29451_3.jpg",
  "image_url_3": "https://sortiment.lidl.ch/media/catalog/product/cache/38c728e59b3a47950872534eff8a1e63/2/9/29451_s01_PSXX.jpg"
},
{
  "_id": {
    "$oid": "66f3aac6d23ade1eec560074"
  },
  "unique_id": "29444",
  "product_name": "Slipeinlagen mit Aloe Vera",
  "brand": "Siempre",
  "regular_price": 0.99,
  "selling_price": 0.99,
  "price_per_unit": "pro 26 Stück, 32 Stück, 45 Stück | 1 Stk = 0.04, 0.04, 0.03 CHF",
  "breadcrumb": "Sortiment > Sortiment > Slipeinlagen mit Aloe Vera",
  "pdp_url": "https://sortiment.lidl.ch/de/slipeinlagen-mit-aloe-vera-0029444",
  "product_description": "Artikelnr.: 29444",
  "producthierarchy_level1": "Sortiment",
  "producthierarchy_level2": "Sortiment",
  "producthierarchy_level3": "Slipeinlagen mit Aloe Vera",
  "producthierarchy_level4": "",
  "producthierarchy_level5": "",
  "producthierarchy_level6": "",
  "producthierarchy_level7": "",
  "currency": "Swiss franc",
  "file_name_1": "29444_1.jpg",
  "image_url_1": "https://sortiment.lidl.ch/media/catalog/product/cache/38c728e59b3a47950872534eff8a1e63/2/9/29444_ExtraLong_PSXX.jpg",
  "file_name_2": "29444_2.jpg",
  "image_url_2": "https://sortiment.lidl.ch/media/catalog/product/cache/38c728e59b3a47950872534eff8a1e63/2/9/29444_Long_PSXX.jpg",
  "file_name_3": "29444_3.jpg",
  "image_url_3": "https://sortiment.lidl.ch/media/catalog/product/cache/38c728e59b3a47950872534eff8a1e63/2/9/29444_Normal_PSXX.jpg"
},
{
  "_id": {
    "$oid": "66f3aac7d23ade1eec560075"
  },
  "unique_id": "85302",
  "product_name": "Mikrofasertücher",
  "brand": "W5",
  "regular_price": 1.99,
  "selling_price": 1.99,
  "price_per_unit": "pro 2 Stück, 3 Stück | 1 Stk = 1.00, 0.67 CHF",
  "breadcrumb": "Sortiment > Sortiment > Mikrofasertücher",
  "pdp_url": "https://sortiment.lidl.ch/de/mikrofasertuecher-0085302",
  "product_description": "Artikelnr.: 85302",
  "producthierarchy_level1": "Sortiment",
  "producthierarchy_level2": "Sortiment",
  "producthierarchy_level3": "Mikrofasertücher",
  "producthierarchy_level4": "",
  "producthierarchy_level5": "",
  "producthierarchy_level6": "",
  "producthierarchy_level7": "",
  "currency": "Swiss franc",
  "file_name_1": "85302_1.jpg",
  "image_url_1": "https://sortiment.lidl.ch/media/amasty/amoptmobile/catalog/product/cache/38c728e59b3a47950872534eff8a1e63/8/5/85302_MicrofibreCloths_PSXX.jpg",
  "file_name_2": "85302_2.jpg",
  "image_url_2": "https://sortiment.lidl.ch/media/catalog/product/cache/38c728e59b3a47950872534eff8a1e63/8/5/85302_MicrofibreMulti_PSXX.jpg",
  "file_name_3": "85302_3.jpg",
  "image_url_3": "https://sortiment.lidl.ch/media/catalog/product/cache/38c728e59b3a47950872534eff8a1e63/8/5/85302_Microfibre_PSXX.jpg"
},
{
  "_id": {
    "$oid": "66f3aac9d23ade1eec560076"
  },
  "unique_id": "26905",
  "product_name": "Feuchte Allzwecktücher",
  "brand": "W5",
  "regular_price": 2.99,
  "selling_price": 2.99,
  "price_per_unit": "pro 80 Stück",
  "breadcrumb": "Sortiment > Sortiment > Feuchte Allzwecktücher",
  "pdp_url": "https://sortiment.lidl.ch/de/feuchte-allzwecktuecher-0026905",
  "product_description": "Artikelnr.: 26905",
  "producthierarchy_level1": "Sortiment",
  "producthierarchy_level2": "Sortiment",
  "producthierarchy_level3": "Feuchte Allzwecktücher",
  "producthierarchy_level4": "",
  "producthierarchy_level5": "",
  "producthierarchy_level6": "",
  "producthierarchy_level7": "",
  "currency": "Swiss franc",
  "file_name_1": "26905_1.jpg",
  "image_url_1": "https://sortiment.lidl.ch/media/catalog/product/cache/38c728e59b3a47950872534eff8a1e63/2/6/26905_Lemon_PSXX_1.jpg",
  "file_name_2": "26905_2.jpg",
  "image_url_2": "https://sortiment.lidl.ch/media/catalog/product/cache/38c728e59b3a47950872534eff8a1e63/2/6/26905_PSXX.jpg",
  "file_name_3": "26905_3.jpg",
  "image_url_3": "https://sortiment.lidl.ch/media/catalog/product/cache/38c728e59b3a47950872534eff8a1e63/2/6/26905_SeaBreeze_PSXX_1.jpg"
},
{
  "_id": {
    "$oid": "66f3aacad23ade1eec560077"
  },
  "unique_id": "25297",
  "product_name": "Badputz- / Geschirrschwamm",
  "brand": "W5",
  "regular_price": 3.89,
  "selling_price": 3.89,
  "price_per_unit": "pro 4 Stück | 1 Stk = 0.98 CHF",
  "breadcrumb": "Sortiment > Sortiment > Badputz- / Geschirrschwamm",
  "pdp_url": "https://sortiment.lidl.ch/de/badputz-geschirrschwamm-0025297",
  "product_description": "Artikelnr.: 25297",
  "producthierarchy_level1": "Sortiment",
  "producthierarchy_level2": "Sortiment",
  "producthierarchy_level3": "Badputz- / Geschirrschwamm",
  "producthierarchy_level4": "",
  "producthierarchy_level5": "",
  "producthierarchy_level6": "",
  "producthierarchy_level7": "",
  "currency": "Swiss franc",
  "file_name_1": "25297_1.jpg",
  "image_url_1": "https://sortiment.lidl.ch/media/catalog/product/cache/38c728e59b3a47950872534eff8a1e63/2/5/25297_Bad_PSXX.jpg",
  "file_name_2": "25297_2.jpg",
  "image_url_2": "https://sortiment.lidl.ch/media/catalog/product/cache/38c728e59b3a47950872534eff8a1e63/2/5/25297_Badschwamm_PSXX_1.jpg",
  "file_name_3": "25297_3.jpg",
  "image_url_3": "https://sortiment.lidl.ch/media/catalog/product/cache/38c728e59b3a47950872534eff8a1e63/2/5/25297_Kueche_PSXX.jpg",
  "file_name_4": "25297_4.jpg",
  "image_url_4": "https://sortiment.lidl.ch/media/catalog/product/cache/38c728e59b3a47950872534eff8a1e63/2/5/25297_SparklingFinish_PSXX_1.jpg",
  "file_name_5": "25297_5.jpg",
  "image_url_5": "https://sortiment.lidl.ch/media/catalog/product/cache/38c728e59b3a47950872534eff8a1e63/2/5/25297_gelb_PSXX_1.jpg",
  "file_name_6": "25297_6.jpg",
  "image_url_6": "https://sortiment.lidl.ch/media/catalog/product/cache/38c728e59b3a47950872534eff8a1e63/2/5/25297_pink_PSXX_1.jpg"
},
{
  "_id": {
    "$oid": "66f3aacbd23ade1eec560078"
  },
  "unique_id": "105794",
  "product_name": "Feuchtes WC Papier Premium",
  "brand": "Floralys",
  "regular_price": 2.49,
  "selling_price": 2.49,
  "price_per_unit": "pro 2x70 Stück | 1 Stk = 0.02 CHF",
  "breadcrumb": "Sortiment > Sortiment > Feuchtes WC Papier Premium",
  "pdp_url": "https://sortiment.lidl.ch/de/feuchtes-wc-papier-premium-0105794",
  "product_description": "Artikelnr.: 105794",
  "producthierarchy_level1": "Sortiment",
  "producthierarchy_level2": "Sortiment",
  "producthierarchy_level3": "Feuchtes WC Papier Premium",
  "producthierarchy_level4": "",
  "producthierarchy_level5": "",
  "producthierarchy_level6": "",
  "producthierarchy_level7": "",
  "currency": "Swiss franc",
  "file_name_1": "105794_1.jpg",
  "image_url_1": "https://sortiment.lidl.ch/media/catalog/product/cache/38c728e59b3a47950872534eff8a1e63/1/0/105794_Kamille_PSXX.jpg",
  "file_name_2": "105794_2.jpg",
  "image_url_2": "https://sortiment.lidl.ch/media/catalog/product/cache/38c728e59b3a47950872534eff8a1e63/1/0/105794_Sensitive_PSXX.jpg"
},
{
  "_id": {
    "$oid": "66f3aacdd23ade1eec560079"
  },
  "unique_id": "60424",
  "product_name": "Brillenputztücher",
  "brand": "W5",
  "regular_price": 1.49,
  "selling_price": 1.49,
  "price_per_unit": "pro 54 Stück | 1 Stk = 0.03 CHF",
  "breadcrumb": "Sortiment > Sortiment > Brillenputztücher",
  "pdp_url": "https://sortiment.lidl.ch/de/brillenputztuecher-0060424",
  "product_description": "Artikelnr.: 60424",
  "producthierarchy_level1": "Sortiment",
  "producthierarchy_level2": "Sortiment",
  "producthierarchy_level3": "Brillenputztücher",
  "producthierarchy_level4": "",
  "producthierarchy_level5": "",
  "producthierarchy_level6": "",
  "producthierarchy_level7": "",
  "currency": "Swiss franc",
  "file_name_1": "60424_1.jpg",
  "image_url_1": "https://sortiment.lidl.ch/media/catalog/product/cache/38c728e59b3a47950872534eff8a1e63/6/0/60424_PSXX.jpg"
},
{
  "_id": {
    "$oid": "66f3aaced23ade1eec56007a"
  },
  "unique_id": "132041",
  "product_name": "Muffins",
  "brand": "Confiserie Firenze",
  "regular_price": 3.69,
  "selling_price": 3.69,
  "price_per_unit": "pro 360g | 100g = 1.03 CHF",
  "breadcrumb": "Sortiment > Sortiment > Muffins",
  "pdp_url": "https://sortiment.lidl.ch/de/muffins-0132041",
  "product_description": "Artikelnr.: 132041",
  "producthierarchy_level1": "Sortiment",
  "producthierarchy_level2": "Sortiment",
  "producthierarchy_level3": "Muffins",
  "producthierarchy_level4": "",
  "producthierarchy_level5": "",
  "producthierarchy_level6": "",
  "producthierarchy_level7": "",
  "currency": "Swiss franc",
  "file_name_1": "132041_1.jpg",
  "image_url_1": "https://sortiment.lidl.ch/media/catalog/product/cache/38c728e59b3a47950872534eff8a1e63/1/3/132041_Blaubeer_PSXX.jpg",
  "file_name_2": "132041_2.jpg",
  "image_url_2": "https://sortiment.lidl.ch/media/catalog/product/cache/38c728e59b3a47950872534eff8a1e63/1/3/132041_Schoko_PSXX.jpg",
  "file_name_3": "132041_3.jpg",
  "image_url_3": "https://sortiment.lidl.ch/media/catalog/product/cache/38c728e59b3a47950872534eff8a1e63/1/3/132041_hell_PSXX.jpg"
},
{
  "_id": {
    "$oid": "66f3aacfd23ade1eec56007b"
  },
  "unique_id": "24320",
  "product_name": "Cake",
  "brand": "Confiserie Firenze",
  "regular_price": 2.49,
  "selling_price": 2.49,
  "price_per_unit": "pro 400g | 100g = 0.63 CHF",
  "breadcrumb": "Sortiment > Sortiment > Cake",
  "pdp_url": "https://sortiment.lidl.ch/de/cake-0024320",
  "product_description": "Artikelnr.: 24320",
  "producthierarchy_level1": "Sortiment",
  "producthierarchy_level2": "Sortiment",
  "producthierarchy_level3": "Cake",
  "producthierarchy_level4": "",
  "producthierarchy_level5": "",
  "producthierarchy_level6": "",
  "producthierarchy_level7": "",
  "currency": "Swiss franc",
  "file_name_1": "24320_1.jpg",
  "image_url_1": "https://sortiment.lidl.ch/media/catalog/product/cache/38c728e59b3a47950872534eff8a1e63/2/4/24320_Choco_PSXX.jpg",
  "file_name_2": "24320_2.jpg",
  "image_url_2": "https://sortiment.lidl.ch/media/catalog/product/cache/38c728e59b3a47950872534eff8a1e63/2/4/24320_Lemon_PSXX.jpg",
  "file_name_3": "24320_3.jpg",
  "image_url_3": "https://sortiment.lidl.ch/media/catalog/product/cache/38c728e59b3a47950872534eff8a1e63/2/4/24320_Marmor_PSXX.jpg",
  "file_name_4": "24320_4.jpg",
  "image_url_4": "https://sortiment.lidl.ch/media/catalog/product/cache/38c728e59b3a47950872534eff8a1e63/2/4/24320_Stracciatella_PSXX_1.jpg"
},
{
  "_id": {
    "$oid": "66f3aad0d23ade1eec56007c"
  },
  "unique_id": "13006",
  "product_name": "Rouladen",
  "brand": "Confiserie Firenze",
  "regular_price": 2.59,
  "selling_price": 2.59,
  "price_per_unit": "pro 400g | 100g = 0.65 CHF",
  "breadcrumb": "Sortiment > Sortiment > Rouladen",
  "pdp_url": "https://sortiment.lidl.ch/de/rouladen-0013006",
  "product_description": "Artikelnr.: 13006",
  "producthierarchy_level1": "Sortiment",
  "producthierarchy_level2": "Sortiment",
  "producthierarchy_level3": "Rouladen",
  "producthierarchy_level4": "",
  "producthierarchy_level5": "",
  "producthierarchy_level6": "",
  "producthierarchy_level7": "",
  "currency": "Swiss franc",
  "file_name_1": "13006_1.jpg",
  "image_url_1": "https://sortiment.lidl.ch/media/catalog/product/cache/38c728e59b3a47950872534eff8a1e63/1/3/13006_Cacao_PSXX.jpg",
  "file_name_2": "13006_2.jpg",
  "image_url_2": "https://sortiment.lidl.ch/media/catalog/product/cache/38c728e59b3a47950872534eff8a1e63/1/3/13006_Erdbeere_PSXX.jpg",
  "file_name_3": "13006_3.jpg",
  "image_url_3": "https://sortiment.lidl.ch/media/catalog/product/cache/38c728e59b3a47950872534eff8a1e63/1/3/13006_s01_PSXX.jpg",
  "file_name_4": "13006_4.jpg",
  "image_url_4": "https://sortiment.lidl.ch/media/catalog/product/cache/38c728e59b3a47950872534eff8a1e63/1/3/13006_s02_PSXX.jpg",
  "file_name_5": "13006_5.jpg",
  "image_url_5": "https://sortiment.lidl.ch/media/catalog/product/cache/38c728e59b3a47950872534eff8a1e63/1/3/13006_s03_PSXX.jpg"
},
{
  "_id": {
    "$oid": "66f3aad1d23ade1eec56007d"
  },
  "unique_id": "7400013",
  "product_name": "Lütticher Waffeln",
  "brand": "Sondey",
  "regular_price": 4.49,
  "selling_price": 4.49,
  "price_per_unit": "pro 550g | 100g = 0.82 CHF",
  "breadcrumb": "Sortiment > Sortiment > Lütticher Waffeln",
  "pdp_url": "https://sortiment.lidl.ch/de/luetticher-waffeln-7400013",
  "product_description": "Artikelnr.: 7400013",
  "producthierarchy_level1": "Sortiment",
  "producthierarchy_level2": "Sortiment",
  "producthierarchy_level3": "Lütticher Waffeln",
  "producthierarchy_level4": "",
  "producthierarchy_level5": "",
  "producthierarchy_level6": "",
  "producthierarchy_level7": "",
  "currency": "Swiss franc",
  "file_name_1": "7400013_1.jpg",
  "image_url_1": "https://sortiment.lidl.ch/media/catalog/product/cache/38c728e59b3a47950872534eff8a1e63/7/4/7400013_PSXX.jpg"
},
{
  "_id": {
    "$oid": "66f3aad2d23ade1eec56007e"
  },
  "unique_id": "5102787",
  "product_name": "Bischofberger Appenzeller Bärli-Biber",
  "brand": "Bischofberger",
  "regular_price": 1.69,
  "selling_price": 1.69,
  "price_per_unit": "pro 75g | 100g = 2.26 CHF",
  "breadcrumb": "Sortiment > Sortiment > Bischofberger Appenzeller Bärli-Biber",
  "pdp_url": "https://sortiment.lidl.ch/de/bischofberger-appenzeller-baerli-biber-5102787",
  "product_description": "Artikelnr.: 5102787",
  "producthierarchy_level1": "Sortiment",
  "producthierarchy_level2": "Sortiment",
  "producthierarchy_level3": "Bischofberger Appenzeller Bärli-Biber",
  "producthierarchy_level4": "",
  "producthierarchy_level5": "",
  "producthierarchy_level6": "",
  "producthierarchy_level7": "",
  "currency": "Swiss franc",
  "file_name_1": "5102787_1.jpg",
  "image_url_1": "https://sortiment.lidl.ch/media/catalog/product/cache/38c728e59b3a47950872534eff8a1e63/5/1/5102787_Sommer_PSXX.jpg",
  "file_name_2": "5102787_2.jpg",
  "image_url_2": "https://sortiment.lidl.ch/media/catalog/product/cache/38c728e59b3a47950872534eff8a1e63/5/1/5102787_Winter_PSXX.jpg"
},
{
  "_id": {
    "$oid": "66f3aad3d23ade1eec56007f"
  },
  "unique_id": "18972",
  "product_name": "Frischei-Waffeln",
  "brand": "Confiserie Firenze",
  "regular_price": 1.79,
  "selling_price": 1.79,
  "price_per_unit": "pro 250g | 100g = 0.72 CHF",
  "breadcrumb": "Sortiment > Sortiment > Frischei-Waffeln",
  "pdp_url": "https://sortiment.lidl.ch/de/frischei-waffeln-0018972",
  "product_description": "Artikelnr.: 18972",
  "producthierarchy_level1": "Sortiment",
  "producthierarchy_level2": "Sortiment",
  "producthierarchy_level3": "Frischei-Waffeln",
  "producthierarchy_level4": "",
  "producthierarchy_level5": "",
  "producthierarchy_level6": "",
  "producthierarchy_level7": "",
  "currency": "Swiss franc",
  "file_name_1": "18972_1.jpg",
  "image_url_1": "https://sortiment.lidl.ch/media/catalog/product/cache/38c728e59b3a47950872534eff8a1e63/1/8/18972_PSXX.jpg"
},
{
  "_id": {
    "$oid": "66f3aad4d23ade1eec560080"
  },
  "unique_id": "127379",
  "product_name": "Glutenfreie Bio Brötchen",
  "brand": "Grafschafter",
  "regular_price": 2.59,
  "selling_price": 2.59,
  "price_per_unit": "pro 180g | 100g = 1.44 CHF",
  "breadcrumb": "Sortiment > Sortiment > Glutenfreie Bio Brötchen",
  "pdp_url": "https://sortiment.lidl.ch/de/glutenfreie-bio-broetchen-0127379",
  "product_description": "Artikelnr.: 127379",
  "producthierarchy_level1": "Sortiment",
  "producthierarchy_level2": "Sortiment",
  "producthierarchy_level3": "Glutenfreie Bio Brötchen",
  "producthierarchy_level4": "",
  "producthierarchy_level5": "",
  "producthierarchy_level6": "",
  "producthierarchy_level7": "",
  "currency": "Swiss franc",
  "file_name_1": "127379_1.jpg",
  "image_url_1": "https://sortiment.lidl.ch/media/catalog/product/cache/38c728e59b3a47950872534eff8a1e63/1/2/127379_Hirse_PSXX.jpg",
  "file_name_2": "127379_2.jpg",
  "image_url_2": "https://sortiment.lidl.ch/media/catalog/product/cache/38c728e59b3a47950872534eff8a1e63/1/2/127379_Hirseflocken_PSXX.jpg",
  "file_name_3": "127379_3.jpg",
  "image_url_3": "https://sortiment.lidl.ch/media/catalog/product/cache/38c728e59b3a47950872534eff8a1e63/1/2/127379_Leinsamen_PSXX.jpg",
  "file_name_4": "127379_4.jpg",
  "image_url_4": "https://sortiment.lidl.ch/media/catalog/product/cache/38c728e59b3a47950872534eff8a1e63/1/2/127379_Oelsamen_PSXX.jpg"
},
{
  "_id": {
    "$oid": "66f3aad5d23ade1eec560081"
  },
  "unique_id": "95047",
  "product_name": "Bio Roggen Vollkornbrote",
  "brand": "Tastino",
  "regular_price": 1.79,
  "selling_price": 1.79,
  "price_per_unit": "pro 500g | 100g = 0.36 CHF",
  "breadcrumb": "Sortiment > Sortiment > Bio Roggen Vollkornbrote",
  "pdp_url": "https://sortiment.lidl.ch/de/bio-roggen-vollkornbrote-0095047",
  "product_description": "Artikelnr.: 95047",
  "producthierarchy_level1": "Sortiment",
  "producthierarchy_level2": "Sortiment",
  "producthierarchy_level3": "Bio Roggen Vollkornbrote",
  "producthierarchy_level4": "",
  "producthierarchy_level5": "",
  "producthierarchy_level6": "",
  "producthierarchy_level7": "",
  "currency": "Swiss franc",
  "file_name_1": "95047_1.jpg",
  "image_url_1": "https://sortiment.lidl.ch/media/catalog/product/cache/38c728e59b3a47950872534eff8a1e63/9/5/95047_Classic_PSXX_1.jpg",
  "file_name_2": "95047_2.jpg",
  "image_url_2": "https://sortiment.lidl.ch/media/catalog/product/cache/38c728e59b3a47950872534eff8a1e63/9/5/95047_Dinkel_PSXX_1.jpg",
  "file_name_3": "95047_3.jpg",
  "image_url_3": "https://sortiment.lidl.ch/media/catalog/product/cache/38c728e59b3a47950872534eff8a1e63/9/5/95047_Sonnenblumenkerne_PSXX_1.jpg"
},
{
  "_id": {
    "$oid": "66f3aad6d23ade1eec560082"
  },
  "unique_id": "72774",
  "product_name": "Unsere Besten Brötchen",
  "brand": "Grafschafter",
  "regular_price": 1.49,
  "selling_price": 1.49,
  "price_per_unit": "pro 360g | 100g = 0.42 CHF",
  "breadcrumb": "Sortiment > Sortiment > Unsere Besten Brötchen",
  "pdp_url": "https://sortiment.lidl.ch/de/unsere-besten-broetchen-0072774",
  "product_description": "Artikelnr.: 72774",
  "producthierarchy_level1": "Sortiment",
  "producthierarchy_level2": "Sortiment",
  "producthierarchy_level3": "Unsere Besten Brötchen",
  "producthierarchy_level4": "",
  "producthierarchy_level5": "",
  "producthierarchy_level6": "",
  "producthierarchy_level7": "",
  "currency": "Swiss franc",
  "file_name_1": "72774_1.jpg",
  "image_url_1": "https://sortiment.lidl.ch/media/catalog/product/cache/38c728e59b3a47950872534eff8a1e63/7/2/72774_Bauern_PSXX_1.jpg",
  "file_name_2": "72774_2.jpg",
  "image_url_2": "https://sortiment.lidl.ch/media/catalog/product/cache/38c728e59b3a47950872534eff8a1e63/7/2/72774_Weizen_PSXX_1.jpg"
},
{
  "_id": {
    "$oid": "66f3aad7d23ade1eec560083"
  },
  "unique_id": "21283",
  "product_name": "American Sandwich Toast",
  "brand": "Grafschafter",
  "regular_price": 1.99,
  "selling_price": 1.99,
  "price_per_unit": "pro 750g | 100g = 0.27 CHF",
  "breadcrumb": "Sortiment > Sortiment > American Sandwich Toast",
  "pdp_url": "https://sortiment.lidl.ch/de/american-sandwich-toast-0021283",
  "product_description": "Artikelnr.: 21283",
  "producthierarchy_level1": "Sortiment",
  "producthierarchy_level2": "Sortiment",
  "producthierarchy_level3": "American Sandwich Toast",
  "producthierarchy_level4": "",
  "producthierarchy_level5": "",
  "producthierarchy_level6": "",
  "producthierarchy_level7": "",
  "currency": "Swiss franc",
  "file_name_1": "21283_1.jpg",
  "image_url_1": "https://sortiment.lidl.ch/media/catalog/product/cache/38c728e59b3a47950872534eff8a1e63/2/1/21283_Vollkorn_PSXX.jpg",
  "file_name_2": "21283_2.jpg",
  "image_url_2": "https://sortiment.lidl.ch/media/catalog/product/cache/38c728e59b3a47950872534eff8a1e63/2/1/21283_Weizen_PSXX_1.jpg"
},
{
  "_id": {
    "$oid": "66f3aad9d23ade1eec560084"
  },
  "unique_id": "21282",
  "product_name": "Baguette Brötchen",
  "brand": "Tastino",
  "regular_price": 0.95,
  "selling_price": 0.95,
  "price_per_unit": "pro 300g | 100g = 0.32 CHF",
  "breadcrumb": "Sortiment > Sortiment > Baguette Brötchen",
  "pdp_url": "https://sortiment.lidl.ch/de/baguette-broetchen-0021282",
  "product_description": "Artikelnr.: 21282",
  "producthierarchy_level1": "Sortiment",
  "producthierarchy_level2": "Sortiment",
  "producthierarchy_level3": "Baguette Brötchen",
  "producthierarchy_level4": "",
  "producthierarchy_level5": "",
  "producthierarchy_level6": "",
  "producthierarchy_level7": "",
  "currency": "Swiss franc",
  "file_name_1": "21282_1.jpg",
  "image_url_1": "https://sortiment.lidl.ch/media/catalog/product/cache/38c728e59b3a47950872534eff8a1e63/2/1/21282_2er_PSXX.jpg",
  "file_name_2": "21282_2.jpg",
  "image_url_2": "https://sortiment.lidl.ch/media/catalog/product/cache/38c728e59b3a47950872534eff8a1e63/2/1/21282_6er_PSXX.jpg"
},
{
  "_id": {
    "$oid": "66f3aadad23ade1eec560085"
  },
  "unique_id": "79870",
  "product_name": "Hamburger/ Hot Dog-Brötli",
  "brand": "Tastino",
  "regular_price": 1.69,
  "selling_price": 1.69,
  "price_per_unit": "pro 250g, 300g | 100g = 0.68, 0.57 CHF",
  "breadcrumb": "Sortiment > Sortiment > Hamburger/ Hot Dog-Brötli",
  "pdp_url": "https://sortiment.lidl.ch/de/hamburger-hot-dog-broetli-0079870",
  "product_description": "Artikelnr.: 79870",
  "producthierarchy_level1": "Sortiment",
  "producthierarchy_level2": "Sortiment",
  "producthierarchy_level3": "Hamburger/ Hot Dog-Brötli",
  "producthierarchy_level4": "",
  "producthierarchy_level5": "",
  "producthierarchy_level6": "",
  "producthierarchy_level7": "",
  "currency": "Swiss franc",
  "file_name_1": "79870_1.jpg",
  "image_url_1": "https://sortiment.lidl.ch/media/catalog/product/cache/38c728e59b3a47950872534eff8a1e63/7/9/79870_Hamburger_PSXX.jpg",
  "file_name_2": "79870_2.jpg",
  "image_url_2": "https://sortiment.lidl.ch/media/catalog/product/cache/38c728e59b3a47950872534eff8a1e63/7/9/79870_HotDog_PSXX.jpg"
},
{
  "_id": {
    "$oid": "66f3aadbd23ade1eec560086"
  },
  "unique_id": "2959",
  "product_name": "Steinofen Baguette",
  "brand": "Tastino",
  "regular_price": 1.39,
  "selling_price": 1.39,
  "price_per_unit": "pro 250g | 100g = 0.56 CHF",
  "breadcrumb": "Sortiment > Sortiment > Steinofen Baguette",
  "pdp_url": "https://sortiment.lidl.ch/de/steinofen-baguette-0002959",
  "product_description": "Artikelnr.: 2959",
  "producthierarchy_level1": "Sortiment",
  "producthierarchy_level2": "Sortiment",
  "producthierarchy_level3": "Steinofen Baguette",
  "producthierarchy_level4": "",
  "producthierarchy_level5": "",
  "producthierarchy_level6": "",
  "producthierarchy_level7": "",
  "currency": "Swiss franc",
  "file_name_1": "2959_1.jpg",
  "image_url_1": "https://sortiment.lidl.ch/media/catalog/product/cache/38c728e59b3a47950872534eff8a1e63/2/9/2959_Koerner_PSXX_1.jpg",
  "file_name_2": "2959_2.jpg",
  "image_url_2": "https://sortiment.lidl.ch/media/catalog/product/cache/38c728e59b3a47950872534eff8a1e63/2/9/2959_PSXX.jpg"
},
{
  "_id": {
    "$oid": "66f3aadcd23ade1eec560087"
  },
  "unique_id": "6006892",
  "product_name": "Tarallini",
  "brand": "Snack Day",
  "regular_price": 2.99,
  "selling_price": 2.99,
  "price_per_unit": "pro 500g | 100g = 0.60 CHF",
  "breadcrumb": "Sortiment > Sortiment > Tarallini",
  "pdp_url": "https://sortiment.lidl.ch/de/tarallini-6006892",
  "product_description": "Artikelnr.: 6006892",
  "producthierarchy_level1": "Sortiment",
  "producthierarchy_level2": "Sortiment",
  "producthierarchy_level3": "Tarallini",
  "producthierarchy_level4": "",
  "producthierarchy_level5": "",
  "producthierarchy_level6": "",
  "producthierarchy_level7": "",
  "currency": "Swiss franc",
  "file_name_1": "6006892_1.jpg",
  "image_url_1": "https://sortiment.lidl.ch/media/catalog/product/cache/38c728e59b3a47950872534eff8a1e63/6/0/6006892_Multi_PSXX_3.jpg",
  "file_name_2": "6006892_2.jpg",
  "image_url_2": "https://sortiment.lidl.ch/media/catalog/product/cache/38c728e59b3a47950872534eff8a1e63/6/0/6006892_Olio_PSXX.jpg",
  "file_name_3": "6006892_3.jpg",
  "image_url_3": "https://sortiment.lidl.ch/media/catalog/product/cache/38c728e59b3a47950872534eff8a1e63/6/0/6006892_Pomodori_PSXX_3.jpg",
  "file_name_4": "6006892_4.jpg",
  "image_url_4": "https://sortiment.lidl.ch/media/catalog/product/cache/38c728e59b3a47950872534eff8a1e63/6/0/6006892_Rosmarino_PSXX_3.jpg"
},
{
  "_id": {
    "$oid": "66f3aaddd23ade1eec560088"
  },
  "unique_id": "67771",
  "product_name": "Reiswaffeln",
  "brand": "Sondey",
  "regular_price": 1.89,
  "selling_price": 1.89,
  "price_per_unit": "pro 150g, 250g | 100g = 1.26, 0.76 CHF",
  "breadcrumb": "Sortiment > Sortiment > Reiswaffeln",
  "pdp_url": "https://sortiment.lidl.ch/de/reiswaffeln-0067771",
  "product_description": "Artikelnr.: 67771",
  "producthierarchy_level1": "Sortiment",
  "producthierarchy_level2": "Sortiment",
  "producthierarchy_level3": "Reiswaffeln",
  "producthierarchy_level4": "",
  "producthierarchy_level5": "",
  "producthierarchy_level6": "",
  "producthierarchy_level7": "",
  "currency": "Swiss franc",
  "file_name_1": "67771_1.jpg",
  "image_url_1": "https://sortiment.lidl.ch/media/catalog/product/cache/38c728e59b3a47950872534eff8a1e63/6/7/67771_Meersalz_PSXX.jpg",
  "file_name_2": "67771_2.jpg",
  "image_url_2": "https://sortiment.lidl.ch/media/catalog/product/cache/38c728e59b3a47950872534eff8a1e63/6/7/67771_Milchschoko_PSXX.jpg",
  "file_name_3": "67771_3.jpg",
  "image_url_3": "https://sortiment.lidl.ch/media/catalog/product/cache/38c728e59b3a47950872534eff8a1e63/6/7/67771_Zartbitter_PSXX.jpg"
},
{
  "_id": {
    "$oid": "66f3aaded23ade1eec560089"
  },
  "unique_id": "22865",
  "product_name": "Knäckebrot",
  "brand": "Tastino",
  "regular_price": 1.09,
  "selling_price": 1.09,
  "price_per_unit": "pro 250g | 100g = 0.44 CHF",
  "breadcrumb": "Sortiment > Sortiment > Knäckebrot",
  "pdp_url": "https://sortiment.lidl.ch/de/knaeckebrot-0022865",
  "product_description": "Artikelnr.: 22865",
  "producthierarchy_level1": "Sortiment",
  "producthierarchy_level2": "Sortiment",
  "producthierarchy_level3": "Knäckebrot",
  "producthierarchy_level4": "",
  "producthierarchy_level5": "",
  "producthierarchy_level6": "",
  "producthierarchy_level7": "",
  "currency": "Swiss franc",
  "file_name_1": "22865_1.jpg",
  "image_url_1": "https://sortiment.lidl.ch/media/catalog/product/cache/38c728e59b3a47950872534eff8a1e63/2/2/22865_Roggen_PSXX.jpg",
  "file_name_2": "22865_2.jpg",
  "image_url_2": "https://sortiment.lidl.ch/media/catalog/product/cache/38c728e59b3a47950872534eff8a1e63/2/2/22865_Sesam_PSXX.jpg"
},
{
  "_id": {
    "$oid": "66f3aadfd23ade1eec56008a"
  },
  "unique_id": "126299",
  "product_name": "Bio Reis-/ Maiswaffeln",
  "brand": "Sondey",
  "regular_price": 0.99,
  "selling_price": 0.99,
  "price_per_unit": "pro 130g | 100g = 0.77 CHF",
  "breadcrumb": "Sortiment > Sortiment > Bio Reis-/ Maiswaffeln",
  "pdp_url": "https://sortiment.lidl.ch/de/bio-reis-maiswaffeln-0126299",
  "product_description": "Artikelnr.: 126299",
  "producthierarchy_level1": "Sortiment",
  "producthierarchy_level2": "Sortiment",
  "producthierarchy_level3": "Bio Reis-/ Maiswaffeln",
  "producthierarchy_level4": "",
  "producthierarchy_level5": "",
  "producthierarchy_level6": "",
  "producthierarchy_level7": "",
  "currency": "Swiss franc",
  "file_name_1": "126299_1.jpg",
  "image_url_1": "https://sortiment.lidl.ch/media/catalog/product/cache/38c728e59b3a47950872534eff8a1e63/1/2/126299_PSXX.jpg",
  "file_name_2": "126299_2.jpg",
  "image_url_2": "https://sortiment.lidl.ch/media/catalog/product/cache/38c728e59b3a47950872534eff8a1e63/1/2/126299_Reis_PSXX.jpg"
},
{
  "_id": {
    "$oid": "66f3aae0d23ade1eec56008b"
  },
  "unique_id": "5107407",
  "product_name": "DAR-VIDA Cracker Tomaten&Basilikum",
  "brand": "DAR-VIDA",
  "regular_price": 3.95,
  "selling_price": 3.95,
  "price_per_unit": "pro 184g | 100g = 2.15 CHF",
  "breadcrumb": "Sortiment > Sortiment > DAR-VIDA Cracker Tomaten&Basilikum",
  "pdp_url": "https://sortiment.lidl.ch/de/dar-vida-cracker-tomaten-basilikum-5107407",
  "product_description": "Artikelnr.: 5107407",
  "producthierarchy_level1": "Sortiment",
  "producthierarchy_level2": "Sortiment",
  "producthierarchy_level3": "DAR-VIDA Cracker Tomaten&Basilikum",
  "producthierarchy_level4": "",
  "producthierarchy_level5": "",
  "producthierarchy_level6": "",
  "producthierarchy_level7": "",
  "currency": "Swiss franc",
  "file_name_1": "5107407_1.jpg",
  "image_url_1": "https://sortiment.lidl.ch/media/catalog/product/cache/38c728e59b3a47950872534eff8a1e63/5/1/5107407_MULTIPACK_PSXX.jpg",
  "file_name_2": "5107407_2.jpg",
  "image_url_2": "https://sortiment.lidl.ch/media/catalog/product/cache/38c728e59b3a47950872534eff8a1e63/5/1/5107407_PSXX_1.jpg"
},
{
  "_id": {
    "$oid": "66f3aae1d23ade1eec56008c"
  },
  "unique_id": "5107406",
  "product_name": "DAR-VIDA Cracker Nature",
  "brand": "DAR-VIDA",
  "regular_price": 3.95,
  "selling_price": 3.95,
  "price_per_unit": "pro 375g | 100g = 1.06 CHF",
  "breadcrumb": "Sortiment > Sortiment > DAR-VIDA Cracker Nature",
  "pdp_url": "https://sortiment.lidl.ch/de/dar-vida-cracker-nature-5107406",
  "product_description": "Artikelnr.: 5107406",
  "producthierarchy_level1": "Sortiment",
  "producthierarchy_level2": "Sortiment",
  "producthierarchy_level3": "DAR-VIDA Cracker Nature",
  "producthierarchy_level4": "",
  "producthierarchy_level5": "",
  "producthierarchy_level6": "",
  "producthierarchy_level7": "",
  "currency": "Swiss franc",
  "file_name_1": "5107406_1.jpg",
  "image_url_1": "https://sortiment.lidl.ch/media/catalog/product/cache/38c728e59b3a47950872534eff8a1e63/5/1/5107406_PSXX_1.jpg"
},
{
  "_id": {
    "$oid": "66f3aae2d23ade1eec56008d"
  },
  "unique_id": "5104523",
  "product_name": "HUG Zwieback Original",
  "brand": "HUG",
  "regular_price": 4.19,
  "selling_price": 4.19,
  "price_per_unit": "pro 250g | 100g = 1.68 CHF",
  "breadcrumb": "Sortiment > Sortiment > HUG Zwieback Original",
  "pdp_url": "https://sortiment.lidl.ch/de/hug-zwieback-original-5104523",
  "product_description": "Artikelnr.: 5104523",
  "producthierarchy_level1": "Sortiment",
  "producthierarchy_level2": "Sortiment",
  "producthierarchy_level3": "HUG Zwieback Original",
  "producthierarchy_level4": "",
  "producthierarchy_level5": "",
  "producthierarchy_level6": "",
  "producthierarchy_level7": "",
  "currency": "Swiss franc",
  "file_name_1": "5104523_1.jpg",
  "image_url_1": "https://sortiment.lidl.ch/media/catalog/product/cache/38c728e59b3a47950872534eff8a1e63/5/1/5104523_PSXX.jpg"
},
{
  "_id": {
    "$oid": "66f3aae3d23ade1eec56008e"
  },
  "unique_id": "5103657",
  "product_name": "DAR-VIDA Cracker Thymian & Salz",
  "brand": "DAR-VIDA",
  "regular_price": 3.95,
  "selling_price": 3.95,
  "price_per_unit": "pro 184g | 100g = 2.15 CHF",
  "breadcrumb": "Sortiment > Sortiment > DAR-VIDA Cracker Thymian & Salz",
  "pdp_url": "https://sortiment.lidl.ch/de/dar-vida-cracker-thymian-salz-5103657",
  "product_description": "Artikelnr.: 5103657",
  "producthierarchy_level1": "Sortiment",
  "producthierarchy_level2": "Sortiment",
  "producthierarchy_level3": "DAR-VIDA Cracker Thymian & Salz",
  "producthierarchy_level4": "",
  "producthierarchy_level5": "",
  "producthierarchy_level6": "",
  "producthierarchy_level7": "",
  "currency": "Swiss franc",
  "file_name_1": "5103657_1.jpg",
  "image_url_1": "https://sortiment.lidl.ch/media/catalog/product/cache/38c728e59b3a47950872534eff8a1e63/5/1/5103657_PSXX.jpg"
},
{
  "_id": {
    "$oid": "66f3aae4d23ade1eec56008f"
  },
  "unique_id": "5103656",
  "product_name": "DAR-VIDA Cracker mit Käse",
  "brand": "DAR-VIDA",
  "regular_price": 3.95,
  "selling_price": 3.95,
  "price_per_unit": "pro 184g | 100g = 2.15 CHF",
  "breadcrumb": "Sortiment > Sortiment > DAR-VIDA Cracker mit Käse",
  "pdp_url": "https://sortiment.lidl.ch/de/dar-vida-cracker-mit-kaese-5103656",
  "product_description": "Artikelnr.: 5103656",
  "producthierarchy_level1": "Sortiment",
  "producthierarchy_level2": "Sortiment",
  "producthierarchy_level3": "DAR-VIDA Cracker mit Käse",
  "producthierarchy_level4": "",
  "producthierarchy_level5": "",
  "producthierarchy_level6": "",
  "producthierarchy_level7": "",
  "currency": "Swiss franc",
  "file_name_1": "5103656_1.jpg",
  "image_url_1": "https://sortiment.lidl.ch/media/catalog/product/cache/38c728e59b3a47950872534eff8a1e63/5/1/5103656_PSXX.jpg"
},
{
  "_id": {
    "$oid": "66f3aae5d23ade1eec560090"
  },
  "unique_id": "5103655",
  "product_name": "DAR-VIDA Cracker Choco au lait",
  "brand": "DAR-VIDA",
  "regular_price": 4.95,
  "selling_price": 4.95,
  "price_per_unit": "pro 184g | 100g = 2.70 CHF",
  "breadcrumb": "Sortiment > Sortiment > DAR-VIDA Cracker Choco au lait",
  "pdp_url": "https://sortiment.lidl.ch/de/dar-vida-cracker-choco-au-lait-5103655",
  "product_description": "Artikelnr.: 5103655",
  "producthierarchy_level1": "Sortiment",
  "producthierarchy_level2": "Sortiment",
  "producthierarchy_level3": "DAR-VIDA Cracker Choco au lait",
  "producthierarchy_level4": "",
  "producthierarchy_level5": "",
  "producthierarchy_level6": "",
  "producthierarchy_level7": "",
  "currency": "Swiss franc",
  "file_name_1": "5103655_1.jpg",
  "image_url_1": "https://sortiment.lidl.ch/media/catalog/product/cache/38c728e59b3a47950872534eff8a1e63/5/1/5103655_PSXX.jpg"
},
{
  "_id": {
    "$oid": "66f3aae6d23ade1eec560091"
  },
  "unique_id": "6000212",
  "product_name": "Aprikosen Croissant",
  "brand": "Confiserie Firenze",
  "regular_price": 3.99,
  "selling_price": 3.99,
  "price_per_unit": "pro 500g | 100g = 0.80 CHF",
  "breadcrumb": "Sortiment > Sortiment > Aprikosen Croissant",
  "pdp_url": "https://sortiment.lidl.ch/de/aprikosen-croissant-6000212",
  "product_description": "Artikelnr.: 6000212",
  "producthierarchy_level1": "Sortiment",
  "producthierarchy_level2": "Sortiment",
  "producthierarchy_level3": "Aprikosen Croissant",
  "producthierarchy_level4": "",
  "producthierarchy_level5": "",
  "producthierarchy_level6": "",
  "producthierarchy_level7": "",
  "currency": "Swiss franc",
  "file_name_1": "6000212_1.jpg",
  "image_url_1": "https://sortiment.lidl.ch/media/catalog/product/cache/38c728e59b3a47950872534eff8a1e63/6/0/6000212_Italiamo_PSXX.jpg",
  "file_name_2": "6000212_2.jpg",
  "image_url_2": "https://sortiment.lidl.ch/media/catalog/product/cache/38c728e59b3a47950872534eff8a1e63/6/0/6000212_PSXX_2.jpg"
},
{
  "_id": {
    "$oid": "66f3aae7d23ade1eec560092"
  },
  "unique_id": "124646",
  "product_name": "Schoko Brötchen",
  "brand": "Maître Jean Pierre",
  "regular_price": 2.49,
  "selling_price": 2.49,
  "price_per_unit": "pro 360g | 100g = 0.70 CHF",
  "breadcrumb": "Sortiment > Sortiment > Schoko Brötchen",
  "pdp_url": "https://sortiment.lidl.ch/de/schoko-broetchen-0124646",
  "product_description": "Artikelnr.: 124646",
  "producthierarchy_level1": "Sortiment",
  "producthierarchy_level2": "Sortiment",
  "producthierarchy_level3": "Schoko Brötchen",
  "producthierarchy_level4": "",
  "producthierarchy_level5": "",
  "producthierarchy_level6": "",
  "producthierarchy_level7": "",
  "currency": "Swiss franc",
  "file_name_1": "124646_1.jpg",
  "image_url_1": "https://sortiment.lidl.ch/media/catalog/product/cache/38c728e59b3a47950872534eff8a1e63/1/2/124646_PSXX.jpg"
},
{
  "_id": {
    "$oid": "66f3aae8d23ade1eec560093"
  },
  "unique_id": "108883",
  "product_name": "Brioche-Brötchen",
  "brand": "Maître Jean Pierre",
  "regular_price": 3.49,
  "selling_price": 3.49,
  "price_per_unit": "pro 320g | 100g = 1.10 CHF",
  "breadcrumb": "Sortiment > Sortiment > Brioche-Brötchen",
  "pdp_url": "https://sortiment.lidl.ch/de/brioche-broetchen-0108883",
  "product_description": "Artikelnr.: 108883",
  "producthierarchy_level1": "Sortiment",
  "producthierarchy_level2": "Sortiment",
  "producthierarchy_level3": "Brioche-Brötchen",
  "producthierarchy_level4": "",
  "producthierarchy_level5": "",
  "producthierarchy_level6": "",
  "producthierarchy_level7": "",
  "currency": "Swiss franc",
  "file_name_1": "108883_1.jpg",
  "image_url_1": "https://sortiment.lidl.ch/media/catalog/product/cache/38c728e59b3a47950872534eff8a1e63/1/0/108883_PSXX.jpg"
},
{
  "_id": {
    "$oid": "66f3aae9d23ade1eec560094"
  },
  "unique_id": "74867",
  "product_name": "Croissant mit Nuss-Nougat",
  "brand": "Maître Jean Pierre",
  "regular_price": 1.99,
  "selling_price": 1.99,
  "price_per_unit": "pro 5x48g | 100g = 0.83 CHF",
  "breadcrumb": "Sortiment > Sortiment > Croissant mit Nuss-Nougat",
  "pdp_url": "https://sortiment.lidl.ch/de/croissant-mit-nuss-nougat-0074867",
  "product_description": "Artikelnr.: 74867",
  "producthierarchy_level1": "Sortiment",
  "producthierarchy_level2": "Sortiment",
  "producthierarchy_level3": "Croissant mit Nuss-Nougat",
  "producthierarchy_level4": "",
  "producthierarchy_level5": "",
  "producthierarchy_level6": "",
  "producthierarchy_level7": "",
  "currency": "Swiss franc",
  "file_name_1": "74867_1.jpg",
  "image_url_1": "https://sortiment.lidl.ch/media/catalog/product/cache/38c728e59b3a47950872534eff8a1e63/7/4/74867_PSXX_1.jpg"
},
{
  "_id": {
    "$oid": "66f3aaead23ade1eec560095"
  },
  "unique_id": "74451",
  "product_name": "Madeleines",
  "brand": "Maître Jean Pierre",
  "regular_price": 2.59,
  "selling_price": 2.59,
  "price_per_unit": "pro 250g | 100g = 1.04 CHF",
  "breadcrumb": "Sortiment > Sortiment > Madeleines",
  "pdp_url": "https://sortiment.lidl.ch/de/madeleines-0074451",
  "product_description": "Artikelnr.: 74451",
  "producthierarchy_level1": "Sortiment",
  "producthierarchy_level2": "Sortiment",
  "producthierarchy_level3": "Madeleines",
  "producthierarchy_level4": "",
  "producthierarchy_level5": "",
  "producthierarchy_level6": "",
  "producthierarchy_level7": "",
  "currency": "Swiss franc",
  "file_name_1": "74451_1.jpg",
  "image_url_1": "https://sortiment.lidl.ch/media/catalog/product/cache/38c728e59b3a47950872534eff8a1e63/7/4/74451_PSXX.jpg"
},
{
  "_id": {
    "$oid": "66f3aaecd23ade1eec560096"
  },
  "unique_id": "22694",
  "product_name": "Butter Croissants",
  "brand": "Tastino",
  "regular_price": 1.69,
  "selling_price": 1.69,
  "price_per_unit": "pro 200g | 100g = 0.85 CHF",
  "breadcrumb": "Sortiment > Sortiment > Butter Croissants",
  "pdp_url": "https://sortiment.lidl.ch/de/butter-croissants-0022694",
  "product_description": "Artikelnr.: 22694",
  "producthierarchy_level1": "Sortiment",
  "producthierarchy_level2": "Sortiment",
  "producthierarchy_level3": "Butter Croissants",
  "producthierarchy_level4": "",
  "producthierarchy_level5": "",
  "producthierarchy_level6": "",
  "producthierarchy_level7": "",
  "currency": "Swiss franc",
  "file_name_1": "22694_1.jpg",
  "image_url_1": "https://sortiment.lidl.ch/media/catalog/product/cache/38c728e59b3a47950872534eff8a1e63/2/2/22694_PSXX.jpg"
},
{
  "_id": {
    "$oid": "66f3aaedd23ade1eec560097"
  },
  "unique_id": "137231",
  "product_name": "Steam Brew Craft Bier",
  "brand": "",
  "regular_price": 1.19,
  "selling_price": 1.19,
  "price_per_unit": "pro 0,5l | 1L = 2.38 CHF",
  "breadcrumb": "Sortiment > Sortiment > Steam Brew Craft Bier",
  "pdp_url": "https://sortiment.lidl.ch/de/steam-brew-craft-bier-0137231",
  "product_description": "Artikelnr.: 137231",
  "producthierarchy_level1": "Sortiment",
  "producthierarchy_level2": "Sortiment",
  "producthierarchy_level3": "Steam Brew Craft Bier",
  "producthierarchy_level4": "",
  "producthierarchy_level5": "",
  "producthierarchy_level6": "",
  "producthierarchy_level7": "",
  "currency": "Swiss franc",
  "file_name_1": "137231_1.jpg",
  "image_url_1": "https://sortiment.lidl.ch/media/catalog/product/cache/38c728e59b3a47950872534eff8a1e63/1/3/137231_IPA_PSXX_1.jpg",
  "file_name_2": "137231_2.jpg",
  "image_url_2": "https://sortiment.lidl.ch/media/catalog/product/cache/38c728e59b3a47950872534eff8a1e63/1/3/137231_PaleAle_PSXX_1.jpg"
},
{
  "_id": {
    "$oid": "66f3aaefd23ade1eec560098"
  },
  "unique_id": "5107172",
  "product_name": "Feldschlösschen Bier Alkoholfrei",
  "brand": "Feldschlösschen",
  "regular_price": 11.49,
  "selling_price": 11.49,
  "price_per_unit": "pro 6x0,5l | 1L = 3.83 CHF",
  "breadcrumb": "Sortiment > Sortiment > Feldschlösschen Bier Alkoholfrei",
  "pdp_url": "https://sortiment.lidl.ch/de/feldschloesschen-bier-alkoholfrei-5107172",
  "product_description": "Artikelnr.: 5107172",
  "producthierarchy_level1": "Sortiment",
  "producthierarchy_level2": "Sortiment",
  "producthierarchy_level3": "Feldschlösschen Bier Alkoholfrei",
  "producthierarchy_level4": "",
  "producthierarchy_level5": "",
  "producthierarchy_level6": "",
  "producthierarchy_level7": "",
  "currency": "Swiss franc",
  "file_name_1": "5107172_1.jpg",
  "image_url_1": "https://sortiment.lidl.ch/media/catalog/product/cache/38c728e59b3a47950872534eff8a1e63/5/1/5107172_ED_PSXX.jpg",
  "file_name_2": "5107172_2.jpg",
  "image_url_2": "https://sortiment.lidl.ch/media/catalog/product/cache/38c728e59b3a47950872534eff8a1e63/5/1/5107172_PSXX_1.jpg"
},
{
  "_id": {
    "$oid": "66f3aaf0d23ade1eec560099"
  },
  "unique_id": "5106814",
  "product_name": "Schweizer Bier Naturtrüb",
  "brand": "Gletscherbräu",
  "regular_price": 7.99,
  "selling_price": 7.99,
  "price_per_unit": "pro 10x0,33l | 1L = 2.43 CHF",
  "breadcrumb": "Sortiment > Sortiment > Schweizer Bier Naturtrüb",
  "pdp_url": "https://sortiment.lidl.ch/de/schweizer-bier-naturtrueb-5106814",
  "product_description": "Artikelnr.: 5106814",
  "producthierarchy_level1": "Sortiment",
  "producthierarchy_level2": "Sortiment",
  "producthierarchy_level3": "Schweizer Bier Naturtrüb",
  "producthierarchy_level4": "",
  "producthierarchy_level5": "",
  "producthierarchy_level6": "",
  "producthierarchy_level7": "",
  "currency": "Swiss franc",
  "file_name_1": "5106814_1.jpg",
  "image_url_1": "https://sortiment.lidl.ch/media/catalog/product/cache/38c728e59b3a47950872534eff8a1e63/5/1/5106814_10er_Pack_PSXX.jpg",
  "file_name_2": "5106814_2.jpg",
  "image_url_2": "https://sortiment.lidl.ch/media/catalog/product/cache/38c728e59b3a47950872534eff8a1e63/5/1/5106814_EF_PSXX_1.jpg"
},
{
  "_id": {
    "$oid": "66f3aaf1d23ade1eec56009a"
  },
  "unique_id": "5106813",
  "product_name": "Schweizer Panaché",
  "brand": "Gletscherbräu",
  "regular_price": 0.75,
  "selling_price": 0.75,
  "price_per_unit": "pro 500ml | 1L = 1.50 CHF",
  "breadcrumb": "Sortiment > Sortiment > Schweizer Panaché",
  "pdp_url": "https://sortiment.lidl.ch/de/schweizer-panache-5106813",
  "product_description": "Artikelnr.: 5106813",
  "producthierarchy_level1": "Sortiment",
  "producthierarchy_level2": "Sortiment",
  "producthierarchy_level3": "Schweizer Panaché",
  "producthierarchy_level4": "",
  "producthierarchy_level5": "",
  "producthierarchy_level6": "",
  "producthierarchy_level7": "",
  "currency": "Swiss franc",
  "file_name_1": "5106813_1.jpg",
  "image_url_1": "https://sortiment.lidl.ch/media/catalog/product/cache/38c728e59b3a47950872534eff8a1e63/5/1/5106813_EF_PSXX_2.jpg"
},
{
  "_id": {
    "$oid": "66f3aaf2d23ade1eec56009b"
  },
  "unique_id": "5106676",
  "product_name": "Sagres Mini Bier",
  "brand": "Sagres Mini",
  "regular_price": 8.49,
  "selling_price": 8.49,
  "price_per_unit": "pro 10x0,25l | 1L = 3.40 CHF",
  "breadcrumb": "Sortiment > Sortiment > Sagres Mini Bier",
  "pdp_url": "https://sortiment.lidl.ch/de/sagres-mini-bier-5106676",
  "product_description": "Artikelnr.: 5106676",
  "producthierarchy_level1": "Sortiment",
  "producthierarchy_level2": "Sortiment",
  "producthierarchy_level3": "Sagres Mini Bier",
  "producthierarchy_level4": "",
  "producthierarchy_level5": "",
  "producthierarchy_level6": "",
  "producthierarchy_level7": "",
  "currency": "Swiss franc",
  "file_name_1": "5106676_1.jpg",
  "image_url_1": "https://sortiment.lidl.ch/media/catalog/product/cache/38c728e59b3a47950872534eff8a1e63/5/1/5106676_10erPack_PSXX.jpg",
  "file_name_2": "5106676_2.jpg",
  "image_url_2": "https://sortiment.lidl.ch/media/catalog/product/cache/38c728e59b3a47950872534eff8a1e63/5/1/5106676_EF_PSXX_1.jpg"
},
{
  "_id": {
    "$oid": "66f3aaf3d23ade1eec56009c"
  },
  "unique_id": "5105968",
  "product_name": "Feldschlösschen Bier Braufrisch",
  "brand": "Feldschlösschen",
  "regular_price": 11.95,
  "selling_price": 11.95,
  "price_per_unit": "pro 6x0,5l | 1L = 3.99 CHF",
  "breadcrumb": "Sortiment > Sortiment > Feldschlösschen Bier Braufrisch",
  "pdp_url": "https://sortiment.lidl.ch/de/feldschloesschen-bier-braufrisch-5105968",
  "product_description": "Artikelnr.: 5105968 5% Vol.",
  "producthierarchy_level1": "Sortiment",
  "producthierarchy_level2": "Sortiment",
  "producthierarchy_level3": "Feldschlösschen Bier Braufrisch",
  "producthierarchy_level4": "",
  "producthierarchy_level5": "",
  "producthierarchy_level6": "",
  "producthierarchy_level7": "",
  "currency": "Swiss franc",
  "file_name_1": "5105968_1.jpg",
  "image_url_1": "https://sortiment.lidl.ch/media/catalog/product/cache/38c728e59b3a47950872534eff8a1e63/5/1/5105968_Pack_PSXX.jpg"
},
{
  "_id": {
    "$oid": "66f3aaf4d23ade1eec56009d"
  },
  "unique_id": "5105967",
  "product_name": "Feldschlösschen Bier Original",
  "brand": "Feldschlösschen",
  "regular_price": 11.49,
  "selling_price": 11.49,
  "price_per_unit": "pro 6x0,5l | 1L = 3.83 CHF",
  "breadcrumb": "Sortiment > Sortiment > Feldschlösschen Bier Original",
  "pdp_url": "https://sortiment.lidl.ch/de/feldschloesschen-bier-original-5105967",
  "product_description": "Artikelnr.: 5105967",
  "producthierarchy_level1": "Sortiment",
  "producthierarchy_level2": "Sortiment",
  "producthierarchy_level3": "Feldschlösschen Bier Original",
  "producthierarchy_level4": "",
  "producthierarchy_level5": "",
  "producthierarchy_level6": "",
  "producthierarchy_level7": "",
  "currency": "Swiss franc",
  "file_name_1": "5105967_1.jpg",
  "image_url_1": "https://sortiment.lidl.ch/media/catalog/product/cache/38c728e59b3a47950872534eff8a1e63/5/1/5105967_PSXX.jpg",
  "file_name_2": "5105967_2.jpg",
  "image_url_2": "https://sortiment.lidl.ch/media/catalog/product/cache/38c728e59b3a47950872534eff8a1e63/5/1/5105967_fanset_PSXX.jpg"
},
{
  "_id": {
    "$oid": "66f3aaf5d23ade1eec56009e"
  },
  "unique_id": "5105966",
  "product_name": "Feldschlösschen Bier Original",
  "brand": "Feldschlösschen",
  "regular_price": 12.49,
  "selling_price": 12.49,
  "price_per_unit": "pro 10x0,33l | 1L = 3.79 CHF",
  "breadcrumb": "Sortiment > Sortiment > Feldschlösschen Bier Original",
  "pdp_url": "https://sortiment.lidl.ch/de/feldschloesschen-bier-original-5105966",
  "product_description": "Artikelnr.: 5105966",
  "producthierarchy_level1": "Sortiment",
  "producthierarchy_level2": "Sortiment",
  "producthierarchy_level3": "Feldschlösschen Bier Original",
  "producthierarchy_level4": "",
  "producthierarchy_level5": "",
  "producthierarchy_level6": "",
  "producthierarchy_level7": "",
  "currency": "Swiss franc",
  "file_name_1": "5105966_1.jpg",
  "image_url_1": "https://sortiment.lidl.ch/media/catalog/product/cache/38c728e59b3a47950872534eff8a1e63/5/1/5105966_EF_PSXX_4.jpg",
  "file_name_2": "5105966_2.jpg",
  "image_url_2": "https://sortiment.lidl.ch/media/catalog/product/cache/38c728e59b3a47950872534eff8a1e63/5/1/5105966_Pack_PSXX_3.jpg"
},
{
  "_id": {
    "$oid": "66f3aaf6d23ade1eec56009f"
  },
  "unique_id": "5103507",
  "product_name": "Super Bock Bier",
  "brand": "Super Bock",
  "regular_price": 6.95,
  "selling_price": 6.95,
  "price_per_unit": "pro 6x0,33l | 1L = 3.52 CHF",
  "breadcrumb": "Sortiment > Sortiment > Super Bock Bier",
  "pdp_url": "https://sortiment.lidl.ch/de/super-bock-bier-5103507",
  "product_description": "Artikelnr.: 5103507",
  "producthierarchy_level1": "Sortiment",
  "producthierarchy_level2": "Sortiment",
  "producthierarchy_level3": "Super Bock Bier",
  "producthierarchy_level4": "",
  "producthierarchy_level5": "",
  "producthierarchy_level6": "",
  "producthierarchy_level7": "",
  "currency": "Swiss franc",
  "file_name_1": "5103507_1.jpg",
  "image_url_1": "https://sortiment.lidl.ch/media/catalog/product/cache/38c728e59b3a47950872534eff8a1e63/5/1/5103507_EF_PSXX_2.jpg",
  "file_name_2": "5103507_2.jpg",
  "image_url_2": "https://sortiment.lidl.ch/media/catalog/product/cache/38c728e59b3a47950872534eff8a1e63/5/1/5103507_Pack_PSXX_2.jpg"
},
{
  "_id": {
    "$oid": "66f3aaf7d23ade1eec5600a0"
  },
  "unique_id": "5102998",
  "product_name": "Schweizer Lagerbier",
  "brand": "Gletscherbräu",
  "regular_price": 4.49,
  "selling_price": 4.49,
  "price_per_unit": "pro 6x0,5l | 1L = 1.50 CHF",
  "breadcrumb": "Sortiment > Sortiment > Schweizer Lagerbier",
  "pdp_url": "https://sortiment.lidl.ch/de/schweizer-lagerbier-5102998",
  "product_description": "Artikelnr.: 5102998",
  "producthierarchy_level1": "Sortiment",
  "producthierarchy_level2": "Sortiment",
  "producthierarchy_level3": "Schweizer Lagerbier",
  "producthierarchy_level4": "",
  "producthierarchy_level5": "",
  "producthierarchy_level6": "",
  "producthierarchy_level7": "",
  "currency": "Swiss franc",
  "file_name_1": "5102998_1.jpg",
  "image_url_1": "https://sortiment.lidl.ch/media/catalog/product/cache/38c728e59b3a47950872534eff8a1e63/5/1/5102998_EF_PSXX.jpg",
  "file_name_2": "5102998_2.jpg",
  "image_url_2": "https://sortiment.lidl.ch/media/catalog/product/cache/38c728e59b3a47950872534eff8a1e63/5/1/5102998_Pack_PSXX.jpg"
},
{
  "_id": {
    "$oid": "66f3aaf8d23ade1eec5600a1"
  },
  "unique_id": "39242",
  "product_name": "Hefeweizen",
  "brand": "Perlenbacher",
  "regular_price": 0.69,
  "selling_price": 0.69,
  "price_per_unit": "pro 0,5l | 1L = 1.38 CHF",
  "breadcrumb": "Sortiment > Sortiment > Hefeweizen",
  "pdp_url": "https://sortiment.lidl.ch/de/hefeweizen-0039242",
  "product_description": "Artikelnr.: 39242",
  "producthierarchy_level1": "Sortiment",
  "producthierarchy_level2": "Sortiment",
  "producthierarchy_level3": "Hefeweizen",
  "producthierarchy_level4": "",
  "producthierarchy_level5": "",
  "producthierarchy_level6": "",
  "producthierarchy_level7": "",
  "currency": "Swiss franc",
  "file_name_1": "39242_1.jpg",
  "image_url_1": "https://sortiment.lidl.ch/media/catalog/product/cache/38c728e59b3a47950872534eff8a1e63/3/9/39242_PSXX.jpg"
},
{
  "_id": {
    "$oid": "66f3aafad23ade1eec5600a2"
  },
  "unique_id": "21122",
  "product_name": "Strong Beer 7.9% Vol",
  "brand": "Perlenbacher",
  "regular_price": 0.99,
  "selling_price": 0.99,
  "price_per_unit": "pro 0,5l | 1L = 1.98 CHF",
  "breadcrumb": "Sortiment > Sortiment > Strong Beer 7.9% Vol",
  "pdp_url": "https://sortiment.lidl.ch/de/strong-beer-7-9-vol-0021122",
  "product_description": "Artikelnr.: 21122",
  "producthierarchy_level1": "Sortiment",
  "producthierarchy_level2": "Sortiment",
  "producthierarchy_level3": "Strong Beer 7.9% Vol",
  "producthierarchy_level4": "",
  "producthierarchy_level5": "",
  "producthierarchy_level6": "",
  "producthierarchy_level7": "",
  "currency": "Swiss franc",
  "file_name_1": "21122_1.jpg",
  "image_url_1": "https://sortiment.lidl.ch/media/catalog/product/cache/38c728e59b3a47950872534eff8a1e63/2/1/21122_EF_PSXX.jpg",
  "file_name_2": "21122_2.jpg",
  "image_url_2": "https://sortiment.lidl.ch/media/catalog/product/cache/38c728e59b3a47950872534eff8a1e63/2/1/21122_Kolli_PSXX.jpg"
},
{
  "_id": {
    "$oid": "66f3aafbd23ade1eec5600a3"
  },
  "unique_id": "1290",
  "product_name": "Schweizer Lagerbier",
  "brand": "Gletscherbräu",
  "regular_price": 6.89,
  "selling_price": 6.89,
  "price_per_unit": "pro 10x0,33l | 1L = 2.09 CHF",
  "breadcrumb": "Sortiment > Sortiment > Schweizer Lagerbier",
  "pdp_url": "https://sortiment.lidl.ch/de/schweizer-lagerbier-0001290",
  "product_description": "Artikelnr.: 1290",
  "producthierarchy_level1": "Sortiment",
  "producthierarchy_level2": "Sortiment",
  "producthierarchy_level3": "Schweizer Lagerbier",
  "producthierarchy_level4": "",
  "producthierarchy_level5": "",
  "producthierarchy_level6": "",
  "producthierarchy_level7": "",
  "currency": "Swiss franc",
  "file_name_1": "1290_1.jpg",
  "image_url_1": "https://sortiment.lidl.ch/media/catalog/product/cache/38c728e59b3a47950872534eff8a1e63/1/2/1290_EF_PSXX_1.jpg",
  "file_name_2": "1290_2.jpg",
  "image_url_2": "https://sortiment.lidl.ch/media/catalog/product/cache/38c728e59b3a47950872534eff8a1e63/1/2/1290_PSXX_1.jpg"
},
{
  "_id": {
    "$oid": "66f3aafcd23ade1eec5600a4"
  },
  "unique_id": "5105971",
  "product_name": "Somersby Apple Original",
  "brand": "Somersby",
  "regular_price": 11.49,
  "selling_price": 11.49,
  "price_per_unit": "pro 4x0,5l | 1L = 5.75 CHF",
  "breadcrumb": "Sortiment > Sortiment > Somersby Apple Original",
  "pdp_url": "https://sortiment.lidl.ch/de/somersby-apple-original-5105971",
  "product_description": "Artikelnr.: 5105971",
  "producthierarchy_level1": "Sortiment",
  "producthierarchy_level2": "Sortiment",
  "producthierarchy_level3": "Somersby Apple Original",
  "producthierarchy_level4": "",
  "producthierarchy_level5": "",
  "producthierarchy_level6": "",
  "producthierarchy_level7": "",
  "currency": "Swiss franc",
  "file_name_1": "5105971_1.jpg",
  "image_url_1": "https://sortiment.lidl.ch/media/catalog/product/cache/38c728e59b3a47950872534eff8a1e63/5/1/5105971_Pack_PSXX.jpg"
},
{
  "_id": {
    "$oid": "66f3aafdd23ade1eec5600a5"
  },
  "unique_id": "5106344",
  "product_name": "Jägermeister Mini",
  "brand": "Jägermeister",
  "regular_price": 1.65,
  "selling_price": 1.65,
  "price_per_unit": "pro 2cl | 100ML = 8.25 CHF",
  "breadcrumb": "Sortiment > Sortiment > Jägermeister Mini",
  "pdp_url": "https://sortiment.lidl.ch/de/jaegermeister-mini-5106344",
  "product_description": "Artikelnr.: 5106344",
  "producthierarchy_level1": "Sortiment",
  "producthierarchy_level2": "Sortiment",
  "producthierarchy_level3": "Jägermeister Mini",
  "producthierarchy_level4": "",
  "producthierarchy_level5": "",
  "producthierarchy_level6": "",
  "producthierarchy_level7": "",
  "currency": "Swiss franc",
  "file_name_1": "5106344_1.jpg",
  "image_url_1": "https://sortiment.lidl.ch/media/catalog/product/cache/38c728e59b3a47950872534eff8a1e63/5/1/5106344_EF_PSXX_1.jpg",
  "file_name_2": "5106344_2.jpg",
  "image_url_2": "https://sortiment.lidl.ch/media/catalog/product/cache/38c728e59b3a47950872534eff8a1e63/5/1/5106344_Pack_PSXX_1.jpg"
},
{
  "_id": {
    "$oid": "66f3aafed23ade1eec5600a6"
  },
  "unique_id": "5103740",
  "product_name": "Aperol",
  "brand": "",
  "regular_price": 17.89,
  "selling_price": 14.35,
  "price_per_unit": "pro 0,7l | 1L = 20.50 CHF",
  "breadcrumb": "Sortiment > Sortiment > Aperol",
  "pdp_url": "https://sortiment.lidl.ch/de/aperol-5103740",
  "product_description": "Artikelnr.: 5103740",
  "producthierarchy_level1": "Sortiment",
  "producthierarchy_level2": "Sortiment",
  "producthierarchy_level3": "Aperol",
  "producthierarchy_level4": "",
  "producthierarchy_level5": "",
  "producthierarchy_level6": "",
  "producthierarchy_level7": "",
  "currency": "Swiss franc",
  "file_name_1": "5103740_1.jpg",
  "image_url_1": "https://sortiment.lidl.ch/media/catalog/product/cache/38c728e59b3a47950872534eff8a1e63/5/1/5103740_PSXX_3.jpg"
},
{
  "_id": {
    "$oid": "66f3aaffd23ade1eec5600a7"
  },
  "unique_id": "5103739",
  "product_name": "Campari Bitter",
  "brand": "",
  "regular_price": 24.89,
  "selling_price": 21.95,
  "price_per_unit": "pro 1l",
  "breadcrumb": "Sortiment > Sortiment > Campari Bitter",
  "pdp_url": "https://sortiment.lidl.ch/de/campari-bitter-5103739",
  "product_description": "Artikelnr.: 5103739",
  "producthierarchy_level1": "Sortiment",
  "producthierarchy_level2": "Sortiment",
  "producthierarchy_level3": "Campari Bitter",
  "producthierarchy_level4": "",
  "producthierarchy_level5": "",
  "producthierarchy_level6": "",
  "producthierarchy_level7": "",
  "currency": "Swiss franc",
  "file_name_1": "5103739_1.jpg",
  "image_url_1": "https://sortiment.lidl.ch/media/catalog/product/cache/38c728e59b3a47950872534eff8a1e63/5/1/5103739_PSXX_4.jpg"
},
{
  "_id": {
    "$oid": "66f3ab00d23ade1eec5600a8"
  },
  "unique_id": "88379",
  "product_name": "Limoncino",
  "brand": "",
  "regular_price": 10.99,
  "selling_price": 10.99,
  "price_per_unit": "pro 0,5l | 1L = 21.98 CHF",
  "breadcrumb": "Sortiment > Sortiment > Limoncino",
  "pdp_url": "https://sortiment.lidl.ch/de/limoncino-0088379",
  "product_description": "Artikelnr.: 88379",
  "producthierarchy_level1": "Sortiment",
  "producthierarchy_level2": "Sortiment",
  "producthierarchy_level3": "Limoncino",
  "producthierarchy_level4": "",
  "producthierarchy_level5": "",
  "producthierarchy_level6": "",
  "producthierarchy_level7": "",
  "currency": "Swiss franc",
  "file_name_1": "88379_1.jpg",
  "image_url_1": "https://sortiment.lidl.ch/media/catalog/product/cache/38c728e59b3a47950872534eff8a1e63/8/8/88379_PSXX.jpg"
},
{
  "_id": {
    "$oid": "66f3ab01d23ade1eec5600a9"
  },
  "unique_id": "70927",
  "product_name": "Bitter Aperitiv",
  "brand": "Bitterol",
  "regular_price": 6.95,
  "selling_price": 6.95,
  "price_per_unit": "pro 0,7l | 1L = 9.93 CHF",
  "breadcrumb": "Sortiment > Sortiment > Bitter Aperitiv",
  "pdp_url": "https://sortiment.lidl.ch/de/bitter-aperitiv-0070927",
  "product_description": "Artikelnr.: 70927",
  "producthierarchy_level1": "Sortiment",
  "producthierarchy_level2": "Sortiment",
  "producthierarchy_level3": "Bitter Aperitiv",
  "producthierarchy_level4": "",
  "producthierarchy_level5": "",
  "producthierarchy_level6": "",
  "producthierarchy_level7": "",
  "currency": "Swiss franc",
  "file_name_1": "70927_1.jpg",
  "image_url_1": "https://sortiment.lidl.ch/media/catalog/product/cache/38c728e59b3a47950872534eff8a1e63/7/0/70927_PSXX.jpg"
},
{
  "_id": {
    "$oid": "66f3ab03d23ade1eec5600aa"
  },
  "unique_id": "68174",
  "product_name": "Eierlikör",
  "brand": "Gold Advocaat",
  "regular_price": 8.95,
  "selling_price": 8.95,
  "price_per_unit": "pro 0,7l | 1L = 12.79 CHF",
  "breadcrumb": "Sortiment > Sortiment > Eierlikör",
  "pdp_url": "https://sortiment.lidl.ch/de/eierlikoer-0068174",
  "product_description": "Artikelnr.: 68174",
  "producthierarchy_level1": "Sortiment",
  "producthierarchy_level2": "Sortiment",
  "producthierarchy_level3": "Eierlikör",
  "producthierarchy_level4": "",
  "producthierarchy_level5": "",
  "producthierarchy_level6": "",
  "producthierarchy_level7": "",
  "currency": "Swiss franc",
  "file_name_1": "68174_1.jpg",
  "image_url_1": "https://sortiment.lidl.ch/media/catalog/product/cache/38c728e59b3a47950872534eff8a1e63/6/8/68174_PSXX.jpg"
},
{
  "_id": {
    "$oid": "66f3ab04d23ade1eec5600ab"
  },
  "unique_id": "39978",
  "product_name": "Cream Liqueur",
  "brand": "Queen Margot",
  "regular_price": 7.49,
  "selling_price": 7.49,
  "price_per_unit": "pro 0,7l | 1L = 10.70 CHF",
  "breadcrumb": "Sortiment > Sortiment > Cream Liqueur",
  "pdp_url": "https://sortiment.lidl.ch/de/cream-liqueur-0039978",
  "product_description": "Artikelnr.: 39978",
  "producthierarchy_level1": "Sortiment",
  "producthierarchy_level2": "Sortiment",
  "producthierarchy_level3": "Cream Liqueur",
  "producthierarchy_level4": "",
  "producthierarchy_level5": "",
  "producthierarchy_level6": "",
  "producthierarchy_level7": "",
  "currency": "Swiss franc",
  "file_name_1": "39978_1.jpg",
  "image_url_1": "https://sortiment.lidl.ch/media/catalog/product/cache/38c728e59b3a47950872534eff8a1e63/3/9/39978_PSXX_1.jpg"
},
{
  "_id": {
    "$oid": "66f3ab05d23ade1eec5600ac"
  },
  "unique_id": "21746",
  "product_name": "Crema di Limoncino",
  "brand": "",
  "regular_price": 9.99,
  "selling_price": 9.99,
  "price_per_unit": "pro 0,5l | 1L = 19.98 CHF",
  "breadcrumb": "Sortiment > Sortiment > Crema di Limoncino",
  "pdp_url": "https://sortiment.lidl.ch/de/crema-di-limoncino-0021746",
  "product_description": "Artikelnr.: 21746",
  "producthierarchy_level1": "Sortiment",
  "producthierarchy_level2": "Sortiment",
  "producthierarchy_level3": "Crema di Limoncino",
  "producthierarchy_level4": "",
  "producthierarchy_level5": "",
  "producthierarchy_level6": "",
  "producthierarchy_level7": "",
  "currency": "Swiss franc",
  "file_name_1": "21746_1.jpg",
  "image_url_1": "https://sortiment.lidl.ch/media/catalog/product/cache/38c728e59b3a47950872534eff8a1e63/2/1/21746_PSXX.jpg"
},
{
  "_id": {
    "$oid": "66f3ab06d23ade1eec5600ad"
  },
  "unique_id": "19445",
  "product_name": "Boonekamp",
  "brand": "Domritter",
  "regular_price": 2.99,
  "selling_price": 2.99,
  "price_per_unit": "pro 4x0,02l | 1L = 37.38 CHF",
  "breadcrumb": "Sortiment > Sortiment > Boonekamp",
  "pdp_url": "https://sortiment.lidl.ch/de/boonekamp-0019445",
  "product_description": "Artikelnr.: 19445",
  "producthierarchy_level1": "Sortiment",
  "producthierarchy_level2": "Sortiment",
  "producthierarchy_level3": "Boonekamp",
  "producthierarchy_level4": "",
  "producthierarchy_level5": "",
  "producthierarchy_level6": "",
  "producthierarchy_level7": "",
  "currency": "Swiss franc",
  "file_name_1": "19445_1.jpg",
  "image_url_1": "https://sortiment.lidl.ch/media/catalog/product/cache/38c728e59b3a47950872534eff8a1e63/1/9/19445_PSWE.jpg"
},
{
  "_id": {
    "$oid": "66f3ab07d23ade1eec5600ae"
  },
  "unique_id": "19006",
  "product_name": "Crema di Latte Macchiato",
  "brand": "",
  "regular_price": 9.99,
  "selling_price": 9.99,
  "price_per_unit": "pro 0,5l | 1L = 19.98 CHF",
  "breadcrumb": "Sortiment > Sortiment > Crema di Latte Macchiato",
  "pdp_url": "https://sortiment.lidl.ch/de/crema-di-latte-macchiato-0019006",
  "product_description": "Artikelnr.: 19006",
  "producthierarchy_level1": "Sortiment",
  "producthierarchy_level2": "Sortiment",
  "producthierarchy_level3": "Crema di Latte Macchiato",
  "producthierarchy_level4": "",
  "producthierarchy_level5": "",
  "producthierarchy_level6": "",
  "producthierarchy_level7": "",
  "currency": "Swiss franc",
  "file_name_1": "19006_1.jpg",
  "image_url_1": "https://sortiment.lidl.ch/media/catalog/product/cache/38c728e59b3a47950872534eff8a1e63/1/9/19006_PSXX.jpg"
},
{
  "_id": {
    "$oid": "66f3ab08d23ade1eec5600af"
  },
  "unique_id": "6281",
  "product_name": "Baileys Original",
  "brand": "",
  "regular_price": 19.89,
  "selling_price": 19.89,
  "price_per_unit": "pro 0,7l | 1L = 28.42 CHF",
  "breadcrumb": "Sortiment > Sortiment > Baileys Original",
  "pdp_url": "https://sortiment.lidl.ch/de/baileys-original-0006281",
  "product_description": "Artikelnr.: 6281",
  "producthierarchy_level1": "Sortiment",
  "producthierarchy_level2": "Sortiment",
  "producthierarchy_level3": "Baileys Original",
  "producthierarchy_level4": "",
  "producthierarchy_level5": "",
  "producthierarchy_level6": "",
  "producthierarchy_level7": "",
  "currency": "Swiss franc",
  "file_name_1": "6281_1.jpg",
  "image_url_1": "https://sortiment.lidl.ch/media/catalog/product/cache/38c728e59b3a47950872534eff8a1e63/6/2/6281_PSXX.jpg"
},
{
  "_id": {
    "$oid": "66f3ab09d23ade1eec5600b0"
  },
  "unique_id": "2752",
  "product_name": "Jägermeister",
  "brand": "",
  "regular_price": 20.89,
  "selling_price": 20.89,
  "price_per_unit": "pro 0,7l | 1L = 29.85 CHF",
  "breadcrumb": "Sortiment > Sortiment > Jägermeister",
  "pdp_url": "https://sortiment.lidl.ch/de/jaegermeister-0002752",
  "product_description": "Artikelnr.: 2752",
  "producthierarchy_level1": "Sortiment",
  "producthierarchy_level2": "Sortiment",
  "producthierarchy_level3": "Jägermeister",
  "producthierarchy_level4": "",
  "producthierarchy_level5": "",
  "producthierarchy_level6": "",
  "producthierarchy_level7": "",
  "currency": "Swiss franc",
  "file_name_1": "2752_1.jpg",
  "image_url_1": "https://sortiment.lidl.ch/media/catalog/product/cache/38c728e59b3a47950872534eff8a1e63/2/7/2752_PSXX.jpg",
  "file_name_2": "2752_2.jpg",
  "image_url_2": "https://sortiment.lidl.ch/media/catalog/product/cache/38c728e59b3a47950872534eff8a1e63/2/7/2752_inklGlaeser_PSXX.jpg"
},
{
  "_id": {
    "$oid": "66f3ab0ad23ade1eec5600b1"
  },
  "unique_id": "5107973",
  "product_name": "Ballantine's Finest Scotch Whisky",
  "brand": "Ballantine's",
  "regular_price": 19.95,
  "selling_price": 19.95,
  "price_per_unit": "pro 0,7l | 1L = 28.50 CHF",
  "breadcrumb": "Sortiment > Sortiment > Ballantine's Finest Scotch Whisky",
  "pdp_url": "https://sortiment.lidl.ch/de/ballantine-s-finest-scotch-whisky-5107973",
  "product_description": "Artikelnr.: 5107973",
  "producthierarchy_level1": "Sortiment",
  "producthierarchy_level2": "Sortiment",
  "producthierarchy_level3": "Ballantine's Finest Scotch Whisky",
  "producthierarchy_level4": "",
  "producthierarchy_level5": "",
  "producthierarchy_level6": "",
  "producthierarchy_level7": "",
  "currency": "Swiss franc",
  "file_name_1": "5107973_1.jpg",
  "image_url_1": "https://sortiment.lidl.ch/media/catalog/product/cache/38c728e59b3a47950872534eff8a1e63/5/1/5107973_PSXX.jpg"
},
{
  "_id": {
    "$oid": "66f3ab0cd23ade1eec5600b2"
  },
  "unique_id": "5200218",
  "product_name": "Blended Scotch Whisky 3 Jahre",
  "brand": "Queen Margot",
  "regular_price": 13.95,
  "selling_price": 13.95,
  "price_per_unit": "pro 0,7l | 1L = 19.93 CHF",
  "breadcrumb": "Sortiment > Sortiment > Blended Scotch Whisky 3 Jahre",
  "pdp_url": "https://sortiment.lidl.ch/de/blended-scotch-whisky-3-jahre-5200218",
  "product_description": "Artikelnr.: 5200218",
  "producthierarchy_level1": "Sortiment",
  "producthierarchy_level2": "Sortiment",
  "producthierarchy_level3": "Blended Scotch Whisky 3 Jahre",
  "producthierarchy_level4": "",
  "producthierarchy_level5": "",
  "producthierarchy_level6": "",
  "producthierarchy_level7": "",
  "currency": "Swiss franc",
  "file_name_1": "5200218_1.jpg",
  "image_url_1": "https://sortiment.lidl.ch/media/catalog/product/cache/38c728e59b3a47950872534eff8a1e63/5/2/5200218_PSXX_1.jpg"
},
{
  "_id": {
    "$oid": "66f3ab0dd23ade1eec5600b3"
  },
  "unique_id": "5103493",
  "product_name": "Captain Morgan Spiced Gold",
  "brand": "",
  "regular_price": 20.89,
  "selling_price": 20.89,
  "price_per_unit": "pro 0,7l | 1L = 29.85 CHF",
  "breadcrumb": "Sortiment > Sortiment > Captain Morgan Spiced Gold",
  "pdp_url": "https://sortiment.lidl.ch/de/captain-morgan-spiced-gold-5103493",
  "product_description": "Artikelnr.: 5103493",
  "producthierarchy_level1": "Sortiment",
  "producthierarchy_level2": "Sortiment",
  "producthierarchy_level3": "Captain Morgan Spiced Gold",
  "producthierarchy_level4": "",
  "producthierarchy_level5": "",
  "producthierarchy_level6": "",
  "producthierarchy_level7": "",
  "currency": "Swiss franc",
  "file_name_1": "5103493_1.jpg",
  "image_url_1": "https://sortiment.lidl.ch/media/catalog/product/cache/38c728e59b3a47950872534eff8a1e63/5/1/5103493_FSAU_4.jpg"
},
{
  "_id": {
    "$oid": "66f3ab0fd23ade1eec5600b4"
  },
  "unique_id": "128101",
  "product_name": "Blended Scotch Whisky 5 Jahre",
  "brand": "Queen Margot",
  "regular_price": 19.99,
  "selling_price": 19.99,
  "price_per_unit": "pro 0,7l | 1L = 28.56 CHF",
  "breadcrumb": "Sortiment > Sortiment > Blended Scotch Whisky 5 Jahre",
  "pdp_url": "https://sortiment.lidl.ch/de/blended-scotch-whisky-5-jahre-0128101",
  "product_description": "Artikelnr.: 128101",
  "producthierarchy_level1": "Sortiment",
  "producthierarchy_level2": "Sortiment",
  "producthierarchy_level3": "Blended Scotch Whisky 5 Jahre",
  "producthierarchy_level4": "",
  "producthierarchy_level5": "",
  "producthierarchy_level6": "",
  "producthierarchy_level7": "",
  "currency": "Swiss franc",
  "file_name_1": "128101_1.jpg",
  "image_url_1": "https://sortiment.lidl.ch/media/catalog/product/cache/38c728e59b3a47950872534eff8a1e63/1/2/128101_PSXX.jpg"
},
{
  "_id": {
    "$oid": "66f3ab10d23ade1eec5600b5"
  },
  "unique_id": "39987",
  "product_name": "Bourbon Whiskey",
  "brand": "Western Gold",
  "regular_price": 18.49,
  "selling_price": 18.49,
  "price_per_unit": "pro 0,7l | 1L = 26.42 CHF",
  "breadcrumb": "Sortiment > Sortiment > Bourbon Whiskey",
  "pdp_url": "https://sortiment.lidl.ch/de/bourbon-whiskey-0039987",
  "product_description": "Artikelnr.: 39987",
  "producthierarchy_level1": "Sortiment",
  "producthierarchy_level2": "Sortiment",
  "producthierarchy_level3": "Bourbon Whiskey",
  "producthierarchy_level4": "",
  "producthierarchy_level5": "",
  "producthierarchy_level6": "",
  "producthierarchy_level7": "",
  "currency": "Swiss franc",
  "file_name_1": "39987_1.jpg",
  "image_url_1": "https://sortiment.lidl.ch/media/catalog/product/cache/38c728e59b3a47950872534eff8a1e63/3/9/39987_PSWE.jpg"
},
{
  "_id": {
    "$oid": "66f3ab11d23ade1eec5600b6"
  },
  "unique_id": "39960",
  "product_name": "Weinbrand",
  "brand": "Majestät",
  "regular_price": 11.89,
  "selling_price": 11.89,
  "price_per_unit": "pro 0,7l | 1L = 16.99 CHF",
  "breadcrumb": "Sortiment > Sortiment > Weinbrand",
  "pdp_url": "https://sortiment.lidl.ch/de/weinbrand-0039960",
  "product_description": "Artikelnr.: 39960",
  "producthierarchy_level1": "Sortiment",
  "producthierarchy_level2": "Sortiment",
  "producthierarchy_level3": "Weinbrand",
  "producthierarchy_level4": "",
  "producthierarchy_level5": "",
  "producthierarchy_level6": "",
  "producthierarchy_level7": "",
  "currency": "Swiss franc",
  "file_name_1": "39960_1.jpg",
  "image_url_1": "https://sortiment.lidl.ch/media/catalog/product/cache/38c728e59b3a47950872534eff8a1e63/3/9/39960_PSWE.jpg"
},
{
  "_id": {
    "$oid": "66f3ab12d23ade1eec5600b7"
  },
  "unique_id": "32721",
  "product_name": "Pastis",
  "brand": "Lidanis",
  "regular_price": 19.89,
  "selling_price": 19.89,
  "price_per_unit": "pro 1l",
  "breadcrumb": "Sortiment > Sortiment > Pastis",
  "pdp_url": "https://sortiment.lidl.ch/de/pastis-0032721",
  "product_description": "Artikelnr.: 32721",
  "producthierarchy_level1": "Sortiment",
  "producthierarchy_level2": "Sortiment",
  "producthierarchy_level3": "Pastis",
  "producthierarchy_level4": "",
  "producthierarchy_level5": "",
  "producthierarchy_level6": "",
  "producthierarchy_level7": "",
  "currency": "Swiss franc",
  "file_name_1": "32721_1.jpg",
  "image_url_1": "https://sortiment.lidl.ch/media/catalog/product/cache/38c728e59b3a47950872534eff8a1e63/3/2/32721_PSXX.jpg"
},
{
  "_id": {
    "$oid": "66f3ab13d23ade1eec5600b8"
  },
  "unique_id": "19763",
  "product_name": "Übersee Rum",
  "brand": "James Cook",
  "regular_price": 11.99,
  "selling_price": 11.99,
  "price_per_unit": "pro 0,7l | 1L = 17.13 CHF",
  "breadcrumb": "Sortiment > Sortiment > Übersee Rum",
  "pdp_url": "https://sortiment.lidl.ch/de/uebersee-rum-0019763",
  "product_description": "Artikelnr.: 19763",
  "producthierarchy_level1": "Sortiment",
  "producthierarchy_level2": "Sortiment",
  "producthierarchy_level3": "Übersee Rum",
  "producthierarchy_level4": "",
  "producthierarchy_level5": "",
  "producthierarchy_level6": "",
  "producthierarchy_level7": "",
  "currency": "Swiss franc",
  "file_name_1": "19763_1.jpg",
  "image_url_1": "https://sortiment.lidl.ch/media/catalog/product/cache/38c728e59b3a47950872534eff8a1e63/1/9/19763_PSXX.jpg"
},
{
  "_id": {
    "$oid": "66f3ab14d23ade1eec5600b9"
  },
  "unique_id": "1522",
  "product_name": "Vieille Prune Védrenne",
  "brand": "Vieille Prune",
  "regular_price": 28.49,
  "selling_price": 28.49,
  "price_per_unit": "pro 0,7l | 1L = 40.70 CHF",
  "breadcrumb": "Sortiment > Sortiment > Vieille Prune Védrenne",
  "pdp_url": "https://sortiment.lidl.ch/de/vieille-prune-vedrenne-0001522",
  "product_description": "Artikelnr.: 1522",
  "producthierarchy_level1": "Sortiment",
  "producthierarchy_level2": "Sortiment",
  "producthierarchy_level3": "Vieille Prune Védrenne",
  "producthierarchy_level4": "",
  "producthierarchy_level5": "",
  "producthierarchy_level6": "",
  "producthierarchy_level7": "",
  "currency": "Swiss franc",
  "file_name_1": "1522_1.jpg",
  "image_url_1": "https://sortiment.lidl.ch/media/catalog/product/cache/38c728e59b3a47950872534eff8a1e63/1/5/1522_PSXX.jpg"
},
{
  "_id": {
    "$oid": "66f3ab15d23ade1eec5600ba"
  },
  "unique_id": "7705011",
  "product_name": "Kernobstbrand",
  "brand": "Zünftler",
  "regular_price": 16.39,
  "selling_price": 16.39,
  "price_per_unit": "pro 1l",
  "breadcrumb": "Sortiment > Sortiment > Kernobstbrand",
  "pdp_url": "https://sortiment.lidl.ch/de/kernobstbrand-7705011",
  "product_description": "Artikelnr.: 7705011",
  "producthierarchy_level1": "Sortiment",
  "producthierarchy_level2": "Sortiment",
  "producthierarchy_level3": "Kernobstbrand",
  "producthierarchy_level4": "",
  "producthierarchy_level5": "",
  "producthierarchy_level6": "",
  "producthierarchy_level7": "",
  "currency": "Swiss franc",
  "file_name_1": "7705011_1.jpg",
  "image_url_1": "https://sortiment.lidl.ch/media/catalog/product/cache/38c728e59b3a47950872534eff8a1e63/7/7/7705011_PSXX.jpg"
},
{
  "_id": {
    "$oid": "66f3ab16d23ade1eec5600bb"
  },
  "unique_id": "7705010",
  "product_name": "Williams Christ Birnenbrand",
  "brand": "Zünftler",
  "regular_price": 14.49,
  "selling_price": 14.49,
  "price_per_unit": "pro 0,7l | 1L = 20.70 CHF",
  "breadcrumb": "Sortiment > Sortiment > Williams Christ Birnenbrand",
  "pdp_url": "https://sortiment.lidl.ch/de/williams-christ-birnenbrand-7705010",
  "product_description": "Artikelnr.: 7705010",
  "producthierarchy_level1": "Sortiment",
  "producthierarchy_level2": "Sortiment",
  "producthierarchy_level3": "Williams Christ Birnenbrand",
  "producthierarchy_level4": "",
  "producthierarchy_level5": "",
  "producthierarchy_level6": "",
  "producthierarchy_level7": "",
  "currency": "Swiss franc",
  "file_name_1": "7705010_1.jpg",
  "image_url_1": "https://sortiment.lidl.ch/media/catalog/product/cache/38c728e59b3a47950872534eff8a1e63/7/7/7705010_PSXX_1.jpg"
},
{
  "_id": {
    "$oid": "66f3ab17d23ade1eec5600bc"
  },
  "unique_id": "7705009",
  "product_name": "Kirschwasser",
  "brand": "Zünftler",
  "regular_price": 19.29,
  "selling_price": 19.29,
  "price_per_unit": "pro 1l",
  "breadcrumb": "Sortiment > Sortiment > Kirschwasser",
  "pdp_url": "https://sortiment.lidl.ch/de/kirschwasser-7705009",
  "product_description": "Artikelnr.: 7705009",
  "producthierarchy_level1": "Sortiment",
  "producthierarchy_level2": "Sortiment",
  "producthierarchy_level3": "Kirschwasser",
  "producthierarchy_level4": "",
  "producthierarchy_level5": "",
  "producthierarchy_level6": "",
  "producthierarchy_level7": "",
  "currency": "Swiss franc",
  "file_name_1": "7705009_1.jpg",
  "image_url_1": "https://sortiment.lidl.ch/media/catalog/product/cache/38c728e59b3a47950872534eff8a1e63/7/7/7705009_PSXX_1.jpg"
},
{
  "_id": {
    "$oid": "66f3ab18d23ade1eec5600bd"
  },
  "unique_id": "5103300",
  "product_name": "Absolut Vodka",
  "brand": "Absolut",
  "regular_price": 25.89,
  "selling_price": 25.89,
  "price_per_unit": "pro 0,7l | 1L = 36.99 CHF",
  "breadcrumb": "Sortiment > Sortiment > Absolut Vodka",
  "pdp_url": "https://sortiment.lidl.ch/de/absolut-vodka-5103300",
  "product_description": "Artikelnr.: 5103300",
  "producthierarchy_level1": "Sortiment",
  "producthierarchy_level2": "Sortiment",
  "producthierarchy_level3": "Absolut Vodka",
  "producthierarchy_level4": "",
  "producthierarchy_level5": "",
  "producthierarchy_level6": "",
  "producthierarchy_level7": "",
  "currency": "Swiss franc",
  "file_name_1": "5103300_1.jpg",
  "image_url_1": "https://sortiment.lidl.ch/media/amasty/amoptmobile/catalog/product/cache/38c728e59b3a47950872534eff8a1e63/5/1/5103300_PSXX_3.jpg"
},
{
  "_id": {
    "$oid": "66f3ab1ad23ade1eec5600be"
  },
  "unique_id": "22406",
  "product_name": "Grappa Riserva",
  "brand": "",
  "regular_price": 13.19,
  "selling_price": 13.19,
  "price_per_unit": "pro 0,5l | 1L = 26.38 CHF",
  "breadcrumb": "Sortiment > Sortiment > Grappa Riserva",
  "pdp_url": "https://sortiment.lidl.ch/de/grappa-riserva-0022406",
  "product_description": "Artikelnr.: 22406",
  "producthierarchy_level1": "Sortiment",
  "producthierarchy_level2": "Sortiment",
  "producthierarchy_level3": "Grappa Riserva",
  "producthierarchy_level4": "",
  "producthierarchy_level5": "",
  "producthierarchy_level6": "",
  "producthierarchy_level7": "",
  "currency": "Swiss franc",
  "file_name_1": "22406_1.jpg",
  "image_url_1": "https://sortiment.lidl.ch/media/catalog/product/cache/38c728e59b3a47950872534eff8a1e63/2/2/22406_PSWE.jpg"
},
{
  "_id": {
    "$oid": "66f3ab1bd23ade1eec5600bf"
  },
  "unique_id": "19009",
  "product_name": "Grappa Bianca",
  "brand": "Lambic",
  "regular_price": 16.45,
  "selling_price": 16.45,
  "price_per_unit": "pro 1l",
  "breadcrumb": "Sortiment > Sortiment > Grappa Bianca",
  "pdp_url": "https://sortiment.lidl.ch/de/grappa-bianca-0019009",
  "product_description": "Artikelnr.: 19009",
  "producthierarchy_level1": "Sortiment",
  "producthierarchy_level2": "Sortiment",
  "producthierarchy_level3": "Grappa Bianca",
  "producthierarchy_level4": "",
  "producthierarchy_level5": "",
  "producthierarchy_level6": "",
  "producthierarchy_level7": "",
  "currency": "Swiss franc",
  "file_name_1": "19009_1.jpg",
  "image_url_1": "https://sortiment.lidl.ch/media/catalog/product/cache/38c728e59b3a47950872534eff8a1e63/1/9/19009_PSXX.jpg"
},
{
  "_id": {
    "$oid": "66f3ab1cd23ade1eec5600c0"
  },
  "unique_id": "13242",
  "product_name": "Weisser Rum",
  "brand": "James Cook",
  "regular_price": 13.49,
  "selling_price": 13.49,
  "price_per_unit": "pro 0,7l | 1L = 19.28 CHF",
  "breadcrumb": "Sortiment > Sortiment > Weisser Rum",
  "pdp_url": "https://sortiment.lidl.ch/de/weisser-rum-0013242",
  "product_description": "Artikelnr.: 13242",
  "producthierarchy_level1": "Sortiment",
  "producthierarchy_level2": "Sortiment",
  "producthierarchy_level3": "Weisser Rum",
  "producthierarchy_level4": "",
  "producthierarchy_level5": "",
  "producthierarchy_level6": "",
  "producthierarchy_level7": "",
  "currency": "Swiss franc",
  "file_name_1": "13242_1.jpg",
  "image_url_1": "https://sortiment.lidl.ch/media/catalog/product/cache/38c728e59b3a47950872534eff8a1e63/1/3/13242_PSXX.jpg"
},
{
  "_id": {
    "$oid": "66f3ab1dd23ade1eec5600c1"
  },
  "unique_id": "13236",
  "product_name": "London Dry Gin",
  "brand": "Castelgy",
  "regular_price": 11.45,
  "selling_price": 11.45,
  "price_per_unit": "pro 0,7l | 1L = 16.36 CHF",
  "breadcrumb": "Sortiment > Sortiment > London Dry Gin",
  "pdp_url": "https://sortiment.lidl.ch/de/london-dry-gin-0013236",
  "product_description": "Artikelnr.: 13236",
  "producthierarchy_level1": "Sortiment",
  "producthierarchy_level2": "Sortiment",
  "producthierarchy_level3": "London Dry Gin",
  "producthierarchy_level4": "",
  "producthierarchy_level5": "",
  "producthierarchy_level6": "",
  "producthierarchy_level7": "",
  "currency": "Swiss franc",
  "file_name_1": "13236_1.jpg",
  "image_url_1": "https://sortiment.lidl.ch/media/catalog/product/cache/38c728e59b3a47950872534eff8a1e63/1/3/13236_PSXX.jpg"
},
{
  "_id": {
    "$oid": "66f3ab1ed23ade1eec5600c2"
  },
  "unique_id": "2751",
  "product_name": "Original Willisauer Kirsch",
  "brand": "Original Willisauer",
  "regular_price": 22.49,
  "selling_price": 22.49,
  "price_per_unit": "pro 0,7l | 1L = 32.13 CHF",
  "breadcrumb": "Sortiment > Sortiment > Original Willisauer Kirsch",
  "pdp_url": "https://sortiment.lidl.ch/de/original-willisauer-kirsch-0002751",
  "product_description": "Artikelnr.: 2751",
  "producthierarchy_level1": "Sortiment",
  "producthierarchy_level2": "Sortiment",
  "producthierarchy_level3": "Original Willisauer Kirsch",
  "producthierarchy_level4": "",
  "producthierarchy_level5": "",
  "producthierarchy_level6": "",
  "producthierarchy_level7": "",
  "currency": "Swiss franc",
  "file_name_1": "2751_1.jpg",
  "image_url_1": "https://sortiment.lidl.ch/media/catalog/product/cache/38c728e59b3a47950872534eff8a1e63/2/7/2751_PSXX.jpg"
},
{
  "_id": {
    "$oid": "66f3ab1fd23ade1eec5600c3"
  },
  "unique_id": "2708",
  "product_name": "Gordon's London Dry Gin",
  "brand": "Gordon's",
  "regular_price": 19.45,
  "selling_price": 19.45,
  "price_per_unit": "pro 0,7l | 1L = 27.79 CHF",
  "breadcrumb": "Sortiment > Sortiment > Gordon's London Dry Gin",
  "pdp_url": "https://sortiment.lidl.ch/de/gordon-s-london-dry-gin-0002708",
  "product_description": "Artikelnr.: 2708",
  "producthierarchy_level1": "Sortiment",
  "producthierarchy_level2": "Sortiment",
  "producthierarchy_level3": "Gordon's London Dry Gin",
  "producthierarchy_level4": "",
  "producthierarchy_level5": "",
  "producthierarchy_level6": "",
  "producthierarchy_level7": "",
  "currency": "Swiss franc",
  "file_name_1": "2708_1.jpg",
  "image_url_1": "https://sortiment.lidl.ch/media/catalog/product/cache/38c728e59b3a47950872534eff8a1e63/2/7/2708_MOAU.jpg"
},
{
  "_id": {
    "$oid": "66f3ab20d23ade1eec5600c4"
  },
  "unique_id": "6006417",
  "product_name": "Vermouth Rosso",
  "brand": "Romanetti",
  "regular_price": 5.49,
  "selling_price": 5.49,
  "price_per_unit": "pro 1l",
  "breadcrumb": "Sortiment > Sortiment > Vermouth Rosso",
  "pdp_url": "https://sortiment.lidl.ch/de/vermouth-rosso-6006417",
  "product_description": "Artikelnr.: 6006417",
  "producthierarchy_level1": "Sortiment",
  "producthierarchy_level2": "Sortiment",
  "producthierarchy_level3": "Vermouth Rosso",
  "producthierarchy_level4": "",
  "producthierarchy_level5": "",
  "producthierarchy_level6": "",
  "producthierarchy_level7": "",
  "currency": "Swiss franc",
  "file_name_1": "6006417_1.jpg",
  "image_url_1": "https://sortiment.lidl.ch/media/catalog/product/cache/38c728e59b3a47950872534eff8a1e63/6/0/6006417_PSXX_1.jpg"
},
{
  "_id": {
    "$oid": "66f3ab21d23ade1eec5600c5"
  },
  "unique_id": "6006416",
  "product_name": "Vermouth Bianco",
  "brand": "Romanetti",
  "regular_price": 5.49,
  "selling_price": 5.49,
  "price_per_unit": "pro 1l",
  "breadcrumb": "Sortiment > Sortiment > Vermouth Bianco",
  "pdp_url": "https://sortiment.lidl.ch/de/vermouth-bianco-6006416",
  "product_description": "Artikelnr.: 6006416",
  "producthierarchy_level1": "Sortiment",
  "producthierarchy_level2": "Sortiment",
  "producthierarchy_level3": "Vermouth Bianco",
  "producthierarchy_level4": "",
  "producthierarchy_level5": "",
  "producthierarchy_level6": "",
  "producthierarchy_level7": "",
  "currency": "Swiss franc",
  "file_name_1": "6006416_1.jpg",
  "image_url_1": "https://sortiment.lidl.ch/media/catalog/product/cache/38c728e59b3a47950872534eff8a1e63/6/0/6006416_PSXX_1.jpg"
},
{
  "_id": {
    "$oid": "66f3ab22d23ade1eec5600c6"
  },
  "unique_id": "27581",
  "product_name": "Tawny Portwein",
  "brand": "Armilar",
  "regular_price": 8.99,
  "selling_price": 8.99,
  "price_per_unit": "pro 750ml | 1L = 11.99 CHF",
  "breadcrumb": "Sortiment > Sortiment > Tawny Portwein",
  "pdp_url": "https://sortiment.lidl.ch/de/tawny-portwein-0027581",
  "product_description": "Artikelnr.: 27581",
  "producthierarchy_level1": "Sortiment",
  "producthierarchy_level2": "Sortiment",
  "producthierarchy_level3": "Tawny Portwein",
  "producthierarchy_level4": "",
  "producthierarchy_level5": "",
  "producthierarchy_level6": "",
  "producthierarchy_level7": "",
  "currency": "Swiss franc",
  "file_name_1": "27581_1.jpg",
  "image_url_1": "https://sortiment.lidl.ch/media/catalog/product/cache/38c728e59b3a47950872534eff8a1e63/2/7/27581_PSWE_1.jpg"
},
{
  "_id": {
    "$oid": "66f3ab24d23ade1eec5600c7"
  },
  "unique_id": "82875",
  "product_name": "Blumenkohl",
  "brand": "",
  "regular_price": 3.99,
  "selling_price": 3.99,
  "price_per_unit": "pro kg",
  "breadcrumb": "Sortiment > Sortiment > Blumenkohl",
  "pdp_url": "https://sortiment.lidl.ch/de/blumenkohl-0082875",
  "product_description": "Artikelnr.: 82875",
  "producthierarchy_level1": "Sortiment",
  "producthierarchy_level2": "Sortiment",
  "producthierarchy_level3": "Blumenkohl",
  "producthierarchy_level4": "",
  "producthierarchy_level5": "",
  "producthierarchy_level6": "",
  "producthierarchy_level7": "",
  "currency": "Swiss franc",
  "file_name_1": "82875_1.jpg",
  "image_url_1": "https://sortiment.lidl.ch/media/catalog/product/cache/38c728e59b3a47950872534eff8a1e63/8/2/82875_OGFG.jpg"
},
{
  "_id": {
    "$oid": "66f3ab25d23ade1eec5600c8"
  },
  "unique_id": "82960",
  "product_name": "Wirz",
  "brand": "",
  "regular_price": 3.79,
  "selling_price": 3.79,
  "price_per_unit": "pro 1kg",
  "breadcrumb": "Sortiment > Sortiment > Wirz",
  "pdp_url": "https://sortiment.lidl.ch/de/wirz-0082960",
  "product_description": "Artikelnr.: 82960",
  "producthierarchy_level1": "Sortiment",
  "producthierarchy_level2": "Sortiment",
  "producthierarchy_level3": "Wirz",
  "producthierarchy_level4": "",
  "producthierarchy_level5": "",
  "producthierarchy_level6": "",
  "producthierarchy_level7": "",
  "currency": "Swiss franc",
  "file_name_1": "82960_1.jpg",
  "image_url_1": "https://sortiment.lidl.ch/media/catalog/product/cache/38c728e59b3a47950872534eff8a1e63/8/2/82960_OGAX.jpg",
  "file_name_2": "82960_2.jpg",
  "image_url_2": "https://sortiment.lidl.ch/media/catalog/product/cache/38c728e59b3a47950872534eff8a1e63/8/2/82960_OGFG.jpg"
},
{
  "_id": {
    "$oid": "66f3ab26d23ade1eec5600c9"
  },
  "unique_id": "82955",
  "product_name": "Weisskohl",
  "brand": "",
  "regular_price": 2.29,
  "selling_price": 1.49,
  "price_per_unit": "pro 1kg",
  "breadcrumb": "Sortiment > Sortiment > Weisskohl",
  "pdp_url": "https://sortiment.lidl.ch/de/weisskohl-0082955",
  "product_description": "Artikelnr.: 82955",
  "producthierarchy_level1": "Sortiment",
  "producthierarchy_level2": "Sortiment",
  "producthierarchy_level3": "Weisskohl",
  "producthierarchy_level4": "",
  "producthierarchy_level5": "",
  "producthierarchy_level6": "",
  "producthierarchy_level7": "",
  "currency": "Swiss franc",
  "file_name_1": "82955_1.jpg",
  "image_url_1": "https://sortiment.lidl.ch/media/catalog/product/cache/38c728e59b3a47950872534eff8a1e63/8/2/82955_2_OGFG.jpg"
},
{
  "_id": {
    "$oid": "66f3ab27d23ade1eec5600ca"
  },
  "unique_id": "82945",
  "product_name": "Rotkohl",
  "brand": "",
  "regular_price": 2.49,
  "selling_price": 2.49,
  "price_per_unit": "pro 1kg",
  "breadcrumb": "Sortiment > Sortiment > Rotkohl",
  "pdp_url": "https://sortiment.lidl.ch/de/rotkohl-0082945",
  "product_description": "Artikelnr.: 82945",
  "producthierarchy_level1": "Sortiment",
  "producthierarchy_level2": "Sortiment",
  "producthierarchy_level3": "Rotkohl",
  "producthierarchy_level4": "",
  "producthierarchy_level5": "",
  "producthierarchy_level6": "",
  "producthierarchy_level7": "",
  "currency": "Swiss franc",
  "file_name_1": "82945_1.jpg",
  "image_url_1": "https://sortiment.lidl.ch/media/catalog/product/cache/38c728e59b3a47950872534eff8a1e63/8/2/82945_OGAX.jpg",
  "file_name_2": "82945_2.jpg",
  "image_url_2": "https://sortiment.lidl.ch/media/catalog/product/cache/38c728e59b3a47950872534eff8a1e63/8/2/82945_OGFG.jpg"
},
{
  "_id": {
    "$oid": "66f3ab28d23ade1eec5600cb"
  },
  "unique_id": "82910",
  "product_name": "Chinakohl",
  "brand": "",
  "regular_price": 2.85,
  "selling_price": 2.85,
  "price_per_unit": "pro 1kg",
  "breadcrumb": "Sortiment > Sortiment > Chinakohl",
  "pdp_url": "https://sortiment.lidl.ch/de/chinakohl-0082910",
  "product_description": "Artikelnr.: 82910",
  "producthierarchy_level1": "Sortiment",
  "producthierarchy_level2": "Sortiment",
  "producthierarchy_level3": "Chinakohl",
  "producthierarchy_level4": "",
  "producthierarchy_level5": "",
  "producthierarchy_level6": "",
  "producthierarchy_level7": "",
  "currency": "Swiss franc",
  "file_name_1": "82910_1.jpg",
  "image_url_1": "https://sortiment.lidl.ch/media/catalog/product/cache/38c728e59b3a47950872534eff8a1e63/8/2/82910_OGFG_1.jpg"
},
{
  "_id": {
    "$oid": "66f3ab29d23ade1eec5600cc"
  },
  "unique_id": "82895",
  "product_name": "Broccoli",
  "brand": "",
  "regular_price": 3.99,
  "selling_price": 3.99,
  "price_per_unit": "pro 1kg",
  "breadcrumb": "Sortiment > Sortiment > Broccoli",
  "pdp_url": "https://sortiment.lidl.ch/de/broccoli-0082895",
  "product_description": "Artikelnr.: 82895",
  "producthierarchy_level1": "Sortiment",
  "producthierarchy_level2": "Sortiment",
  "producthierarchy_level3": "Broccoli",
  "producthierarchy_level4": "",
  "producthierarchy_level5": "",
  "producthierarchy_level6": "",
  "producthierarchy_level7": "",
  "currency": "Swiss franc",
  "file_name_1": "82895_1.jpg",
  "image_url_1": "https://sortiment.lidl.ch/media/catalog/product/cache/38c728e59b3a47950872534eff8a1e63/8/2/82895_OGFG.jpg"
},
{
  "_id": {
    "$oid": "66f3ab2ad23ade1eec5600cd"
  },
  "unique_id": "82031",
  "product_name": "Eisbergsalat",
  "brand": "",
  "regular_price": 1.59,
  "selling_price": 1.59,
  "price_per_unit": "pro Stück",
  "breadcrumb": "Sortiment > Sortiment > Eisbergsalat",
  "pdp_url": "https://sortiment.lidl.ch/de/eisbergsalat-0082031",
  "product_description": "Artikelnr.: 82031",
  "producthierarchy_level1": "Sortiment",
  "producthierarchy_level2": "Sortiment",
  "producthierarchy_level3": "Eisbergsalat",
  "producthierarchy_level4": "",
  "producthierarchy_level5": "",
  "producthierarchy_level6": "",
  "producthierarchy_level7": "",
  "currency": "Swiss franc",
  "file_name_1": "82031_1.jpg",
  "image_url_1": "https://sortiment.lidl.ch/media/catalog/product/cache/38c728e59b3a47950872534eff8a1e63/8/2/82031_OGFG.jpg"
},
{
  "_id": {
    "$oid": "66f3ab2bd23ade1eec5600ce"
  },
  "unique_id": "82135",
  "product_name": "Rucola 125g",
  "brand": "",
  "regular_price": 0.85,
  "selling_price": 0.85,
  "price_per_unit": "pro 125g | 100g = 0.68 CHF",
  "breadcrumb": "Sortiment > Sortiment > Rucola 125g",
  "pdp_url": "https://sortiment.lidl.ch/de/rucola-125g-0082135",
  "product_description": "Artikelnr.: 82135",
  "producthierarchy_level1": "Sortiment",
  "producthierarchy_level2": "Sortiment",
  "producthierarchy_level3": "Rucola 125g",
  "producthierarchy_level4": "",
  "producthierarchy_level5": "",
  "producthierarchy_level6": "",
  "producthierarchy_level7": "",
  "currency": "Swiss franc",
  "file_name_1": "82135_1.jpg",
  "image_url_1": "https://sortiment.lidl.ch/media/catalog/product/cache/38c728e59b3a47950872534eff8a1e63/8/2/82135_OGFG.jpg"
},
{
  "_id": {
    "$oid": "66f3ab2cd23ade1eec5600cf"
  },
  "unique_id": "82026",
  "product_name": "Eichblattsalat",
  "brand": "",
  "regular_price": 1.59,
  "selling_price": 1.59,
  "price_per_unit": "pro Stück",
  "breadcrumb": "Sortiment > Sortiment > Eichblattsalat",
  "pdp_url": "https://sortiment.lidl.ch/de/eichblattsalat-0082026",
  "product_description": "Artikelnr.: 82026",
  "producthierarchy_level1": "Sortiment",
  "producthierarchy_level2": "Sortiment",
  "producthierarchy_level3": "Eichblattsalat",
  "producthierarchy_level4": "",
  "producthierarchy_level5": "",
  "producthierarchy_level6": "",
  "producthierarchy_level7": "",
  "currency": "Swiss franc",
  "file_name_1": "82026_1.jpg",
  "image_url_1": "https://sortiment.lidl.ch/media/catalog/product/cache/38c728e59b3a47950872534eff8a1e63/8/2/82026_OGFG.jpg"
},
{
  "_id": {
    "$oid": "66f3ab2dd23ade1eec5600d0"
  },
  "unique_id": "82071",
  "product_name": "Kopfsalat",
  "brand": "",
  "regular_price": 1.59,
  "selling_price": 1.59,
  "price_per_unit": "pro Stück",
  "breadcrumb": "Sortiment > Sortiment > Kopfsalat",
  "pdp_url": "https://sortiment.lidl.ch/de/kopfsalat-0082071",
  "product_description": "Artikelnr.: 82071",
  "producthierarchy_level1": "Sortiment",
  "producthierarchy_level2": "Sortiment",
  "producthierarchy_level3": "Kopfsalat",
  "producthierarchy_level4": "",
  "producthierarchy_level5": "",
  "producthierarchy_level6": "",
  "producthierarchy_level7": "",
  "currency": "Swiss franc",
  "file_name_1": "82071_1.jpg",
  "image_url_1": "https://sortiment.lidl.ch/media/catalog/product/cache/38c728e59b3a47950872534eff8a1e63/8/2/82071_OGFG.jpg"
},
{
  "_id": {
    "$oid": "66f3ab2ed23ade1eec5600d1"
  },
  "unique_id": "84520",
  "product_name": "Bio Rucola 100g",
  "brand": "BIO Organic",
  "regular_price": 1.99,
  "selling_price": 1.99,
  "price_per_unit": "pro 100g",
  "breadcrumb": "Sortiment > Sortiment > Bio Rucola 100g",
  "pdp_url": "https://sortiment.lidl.ch/de/bio-rucola-100g-0084520",
  "product_description": "Artikelnr.: 84520",
  "producthierarchy_level1": "Sortiment",
  "producthierarchy_level2": "Sortiment",
  "producthierarchy_level3": "Bio Rucola 100g",
  "producthierarchy_level4": "",
  "producthierarchy_level5": "",
  "producthierarchy_level6": "",
  "producthierarchy_level7": "",
  "currency": "Swiss franc",
  "file_name_1": "84520_1.jpg",
  "image_url_1": "https://sortiment.lidl.ch/media/catalog/product/cache/38c728e59b3a47950872534eff8a1e63/8/4/84520_OGFG.jpg"
},
{
  "_id": {
    "$oid": "66f3ab2fd23ade1eec5600d2"
  },
  "unique_id": "82072",
  "product_name": "Kopfsalat rot",
  "brand": "",
  "regular_price": 1.59,
  "selling_price": 1.59,
  "price_per_unit": "pro Stück",
  "breadcrumb": "Sortiment > Sortiment > Kopfsalat rot",
  "pdp_url": "https://sortiment.lidl.ch/de/kopfsalat-rot-0082072",
  "product_description": "Artikelnr.: 82072",
  "producthierarchy_level1": "Sortiment",
  "producthierarchy_level2": "Sortiment",
  "producthierarchy_level3": "Kopfsalat rot",
  "producthierarchy_level4": "",
  "producthierarchy_level5": "",
  "producthierarchy_level6": "",
  "producthierarchy_level7": "",
  "currency": "Swiss franc",
  "file_name_1": "82072_1.jpg",
  "image_url_1": "https://sortiment.lidl.ch/media/catalog/product/cache/38c728e59b3a47950872534eff8a1e63/8/2/82072_OGFG.jpg"
},
{
  "_id": {
    "$oid": "66f3ab30d23ade1eec5600d3"
  },
  "unique_id": "82069",
  "product_name": "Kopfsalatherzen 2 Stück",
  "brand": "",
  "regular_price": 2.99,
  "selling_price": 2.99,
  "price_per_unit": "pro 2 Stück",
  "breadcrumb": "Sortiment > Sortiment > Kopfsalatherzen 2 Stück",
  "pdp_url": "https://sortiment.lidl.ch/de/kopfsalatherzen-2-stueck-0082069",
  "product_description": "Artikelnr.: 82069",
  "producthierarchy_level1": "Sortiment",
  "producthierarchy_level2": "Sortiment",
  "producthierarchy_level3": "Kopfsalatherzen 2 Stück",
  "producthierarchy_level4": "",
  "producthierarchy_level5": "",
  "producthierarchy_level6": "",
  "producthierarchy_level7": "",
  "currency": "Swiss franc",
  "file_name_1": "82069_1.jpg",
  "image_url_1": "https://sortiment.lidl.ch/media/catalog/product/cache/38c728e59b3a47950872534eff8a1e63/8/2/82069_OGFG.jpg",
  "file_name_2": "82069_2.jpg",
  "image_url_2": "https://sortiment.lidl.ch/media/catalog/product/cache/38c728e59b3a47950872534eff8a1e63/8/2/82069_OGFG_001.jpg"
},
{
  "_id": {
    "$oid": "66f3ab31d23ade1eec5600d4"
  },
  "unique_id": "82015",
  "product_name": "Chicorée 500g",
  "brand": "",
  "regular_price": 1.99,
  "selling_price": 1.99,
  "price_per_unit": "pro 500g | 1Kg = 3.98 CHF",
  "breadcrumb": "Sortiment > Sortiment > Chicorée 500g",
  "pdp_url": "https://sortiment.lidl.ch/de/chicoree-500g-0082015",
  "product_description": "Artikelnr.: 82015",
  "producthierarchy_level1": "Sortiment",
  "producthierarchy_level2": "Sortiment",
  "producthierarchy_level3": "Chicorée 500g",
  "producthierarchy_level4": "",
  "producthierarchy_level5": "",
  "producthierarchy_level6": "",
  "producthierarchy_level7": "",
  "currency": "Swiss franc",
  "file_name_1": "82015_1.jpg",
  "image_url_1": "https://sortiment.lidl.ch/media/catalog/product/cache/38c728e59b3a47950872534eff8a1e63/8/2/82015_OGFG.jpg"
},
{
  "_id": {
    "$oid": "66f3ab32d23ade1eec5600d5"
  },
  "unique_id": "82407",
  "product_name": "Dattelcherry-Tomaten 250g",
  "brand": "",
  "regular_price": 2.79,
  "selling_price": 2.79,
  "price_per_unit": "pro 250g | 100g = 1.12 CHF",
  "breadcrumb": "Sortiment > Sortiment > Dattelcherry-Tomaten 250g",
  "pdp_url": "https://sortiment.lidl.ch/de/dattelcherry-tomaten-250g-0082407",
  "product_description": "Artikelnr.: 82407",
  "producthierarchy_level1": "Sortiment",
  "producthierarchy_level2": "Sortiment",
  "producthierarchy_level3": "Dattelcherry-Tomaten 250g",
  "producthierarchy_level4": "",
  "producthierarchy_level5": "",
  "producthierarchy_level6": "",
  "producthierarchy_level7": "",
  "currency": "Swiss franc",
  "file_name_1": "82407_1.jpg",
  "image_url_1": "https://sortiment.lidl.ch/media/catalog/product/cache/38c728e59b3a47950872534eff8a1e63/8/2/82407_OGFG.jpg"
},
{
  "_id": {
    "$oid": "66f3ab33d23ade1eec5600d6"
  },
  "unique_id": "84570",
  "product_name": "Bio Rispentomaten 500g",
  "brand": "BIO Organic",
  "regular_price": 3.49,
  "selling_price": 3.49,
  "price_per_unit": "pro 500g | 1Kg = 6.98 CHF",
  "breadcrumb": "Sortiment > Sortiment > Bio Rispentomaten 500g",
  "pdp_url": "https://sortiment.lidl.ch/de/bio-rispentomaten-500g-0084570",
  "product_description": "Artikelnr.: 84570",
  "producthierarchy_level1": "Sortiment",
  "producthierarchy_level2": "Sortiment",
  "producthierarchy_level3": "Bio Rispentomaten 500g",
  "producthierarchy_level4": "",
  "producthierarchy_level5": "",
  "producthierarchy_level6": "",
  "producthierarchy_level7": "",
  "currency": "Swiss franc",
  "file_name_1": "84570_1.jpg",
  "image_url_1": "https://sortiment.lidl.ch/media/amasty/amoptmobile/catalog/product/cache/38c728e59b3a47950872534eff8a1e63/8/4/84570_OGFG.jpg"
},
{
  "_id": {
    "$oid": "66f3ab34d23ade1eec5600d7"
  },
  "unique_id": "84560",
  "product_name": "BIO Dattel-Cherrytomaten 250g",
  "brand": "BIO Organic",
  "regular_price": 3.99,
  "selling_price": 3.99,
  "price_per_unit": "pro 250g | 100g = 1.60 CHF",
  "breadcrumb": "Sortiment > Sortiment > BIO Dattel-Cherrytomaten 250g",
  "pdp_url": "https://sortiment.lidl.ch/de/bio-dattel-cherrytomaten-250g-0084560",
  "product_description": "Artikelnr.: 84560",
  "producthierarchy_level1": "Sortiment",
  "producthierarchy_level2": "Sortiment",
  "producthierarchy_level3": "BIO Dattel-Cherrytomaten 250g",
  "producthierarchy_level4": "",
  "producthierarchy_level5": "",
  "producthierarchy_level6": "",
  "producthierarchy_level7": "",
  "currency": "Swiss franc",
  "file_name_1": "84560_1.jpg",
  "image_url_1": "https://sortiment.lidl.ch/media/catalog/product/cache/38c728e59b3a47950872534eff8a1e63/8/4/84560_OGFG.jpg"
},
{
  "_id": {
    "$oid": "66f3ab36d23ade1eec5600d8"
  },
  "unique_id": "82505",
  "product_name": "Tomaten San Marzano",
  "brand": "",
  "regular_price": 3.75,
  "selling_price": 3.75,
  "price_per_unit": "pro 1kg",
  "breadcrumb": "Sortiment > Sortiment > Tomaten San Marzano",
  "pdp_url": "https://sortiment.lidl.ch/de/tomaten-san-marzano-0082505",
  "product_description": "Artikelnr.: 82505",
  "producthierarchy_level1": "Sortiment",
  "producthierarchy_level2": "Sortiment",
  "producthierarchy_level3": "Tomaten San Marzano",
  "producthierarchy_level4": "",
  "producthierarchy_level5": "",
  "producthierarchy_level6": "",
  "producthierarchy_level7": "",
  "currency": "Swiss franc",
  "file_name_1": "82505_1.jpg",
  "image_url_1": "https://sortiment.lidl.ch/media/catalog/product/cache/38c728e59b3a47950872534eff8a1e63/8/2/82505_OGFG.jpg"
},
{
  "_id": {
    "$oid": "66f3ab37d23ade1eec5600d9"
  },
  "unique_id": "82500",
  "product_name": "Tomaten Coeur de Boeuf",
  "brand": "",
  "regular_price": 4.49,
  "selling_price": 4.49,
  "price_per_unit": "pro 1kg",
  "breadcrumb": "Sortiment > Sortiment > Tomaten Coeur de Boeuf",
  "pdp_url": "https://sortiment.lidl.ch/de/tomaten-coeur-de-boeuf-0082500",
  "product_description": "Artikelnr.: 82500",
  "producthierarchy_level1": "Sortiment",
  "producthierarchy_level2": "Sortiment",
  "producthierarchy_level3": "Tomaten Coeur de Boeuf",
  "producthierarchy_level4": "",
  "producthierarchy_level5": "",
  "producthierarchy_level6": "",
  "producthierarchy_level7": "",
  "currency": "Swiss franc",
  "file_name_1": "82500_1.jpg",
  "image_url_1": "https://sortiment.lidl.ch/media/catalog/product/cache/38c728e59b3a47950872534eff8a1e63/8/2/82500_OGFG.jpg"
},
{
  "_id": {
    "$oid": "66f3ab38d23ade1eec5600da"
  },
  "unique_id": "82488",
  "product_name": "Tomaten 1kg",
  "brand": "",
  "regular_price": 2.49,
  "selling_price": 2.49,
  "price_per_unit": "pro 1kg",
  "breadcrumb": "Sortiment > Sortiment > Tomaten 1kg",
  "pdp_url": "https://sortiment.lidl.ch/de/tomaten-1kg-0082488",
  "product_description": "Artikelnr.: 82488",
  "producthierarchy_level1": "Sortiment",
  "producthierarchy_level2": "Sortiment",
  "producthierarchy_level3": "Tomaten 1kg",
  "producthierarchy_level4": "",
  "producthierarchy_level5": "",
  "producthierarchy_level6": "",
  "producthierarchy_level7": "",
  "currency": "Swiss franc",
  "file_name_1": "82488_1.jpg",
  "image_url_1": "https://sortiment.lidl.ch/media/catalog/product/cache/38c728e59b3a47950872534eff8a1e63/8/2/82488_OGFG_1.jpg"
},
{
  "_id": {
    "$oid": "66f3ab39d23ade1eec5600db"
  },
  "unique_id": "82480",
  "product_name": "Tomaten",
  "brand": "typisch",
  "regular_price": 2.95,
  "selling_price": 2.95,
  "price_per_unit": "pro 1kg",
  "breadcrumb": "Sortiment > Sortiment > Tomaten",
  "pdp_url": "https://sortiment.lidl.ch/de/tomaten-0082480",
  "product_description": "Artikelnr.: 82480",
  "producthierarchy_level1": "Sortiment",
  "producthierarchy_level2": "Sortiment",
  "producthierarchy_level3": "Tomaten",
  "producthierarchy_level4": "",
  "producthierarchy_level5": "",
  "producthierarchy_level6": "",
  "producthierarchy_level7": "",
  "currency": "Swiss franc",
  "file_name_1": "82480_1.jpg",
  "image_url_1": "https://sortiment.lidl.ch/media/catalog/product/cache/38c728e59b3a47950872534eff8a1e63/8/2/82480_OGFG.jpg"
},
{
  "_id": {
    "$oid": "66f3ab3ad23ade1eec5600dc"
  },
  "unique_id": "82465",
  "product_name": "Rispentomaten",
  "brand": "typisch",
  "regular_price": 3.59,
  "selling_price": 3.59,
  "price_per_unit": "pro 1kg",
  "breadcrumb": "Sortiment > Sortiment > Rispentomaten",
  "pdp_url": "https://sortiment.lidl.ch/de/rispentomaten-0082465",
  "product_description": "Artikelnr.: 82465",
  "producthierarchy_level1": "Sortiment",
  "producthierarchy_level2": "Sortiment",
  "producthierarchy_level3": "Rispentomaten",
  "producthierarchy_level4": "",
  "producthierarchy_level5": "",
  "producthierarchy_level6": "",
  "producthierarchy_level7": "",
  "currency": "Swiss franc",
  "file_name_1": "82465_1.jpg",
  "image_url_1": "https://sortiment.lidl.ch/media/catalog/product/cache/38c728e59b3a47950872534eff8a1e63/8/2/82465_OGFG.jpg"
},
{
  "_id": {
    "$oid": "66f3ab3bd23ade1eec5600dd"
  },
  "unique_id": "82446",
  "product_name": "Romatomaten 500g",
  "brand": "",
  "regular_price": 1.79,
  "selling_price": 1.79,
  "price_per_unit": "pro 500g | 1Kg = 3.58 CHF",
  "breadcrumb": "Sortiment > Sortiment > Romatomaten 500g",
  "pdp_url": "https://sortiment.lidl.ch/de/romatomaten-500g-0082446",
  "product_description": "Artikelnr.: 82446",
  "producthierarchy_level1": "Sortiment",
  "producthierarchy_level2": "Sortiment",
  "producthierarchy_level3": "Romatomaten 500g",
  "producthierarchy_level4": "",
  "producthierarchy_level5": "",
  "producthierarchy_level6": "",
  "producthierarchy_level7": "",
  "currency": "Swiss franc",
  "file_name_1": "82446_1.jpg",
  "image_url_1": "https://sortiment.lidl.ch/media/catalog/product/cache/38c728e59b3a47950872534eff8a1e63/8/2/82446_OGFG.jpg"
},
{
  "_id": {
    "$oid": "66f3ab3cd23ade1eec5600de"
  },
  "unique_id": "82437",
  "product_name": "Cherryrispen-Tomaten 200g",
  "brand": "Deluxe",
  "regular_price": 2.29,
  "selling_price": 2.29,
  "price_per_unit": "pro 200g | 100g = 1.15 CHF",
  "breadcrumb": "Sortiment > Sortiment > Cherryrispen-Tomaten 200g",
  "pdp_url": "https://sortiment.lidl.ch/de/cherryrispen-tomaten-200g-0082437",
  "product_description": "Artikelnr.: 82437",
  "producthierarchy_level1": "Sortiment",
  "producthierarchy_level2": "Sortiment",
  "producthierarchy_level3": "Cherryrispen-Tomaten 200g",
  "producthierarchy_level4": "",
  "producthierarchy_level5": "",
  "producthierarchy_level6": "",
  "producthierarchy_level7": "",
  "currency": "Swiss franc",
  "file_name_1": "82437_1.jpg",
  "image_url_1": "https://sortiment.lidl.ch/media/catalog/product/cache/38c728e59b3a47950872534eff8a1e63/8/2/82437_OGFG_1.jpg"
},
{
  "_id": {
    "$oid": "66f3ab3dd23ade1eec5600df"
  },
  "unique_id": "82388",
  "product_name": "Cherryrispen-Tomaten 500g",
  "brand": "typisch",
  "regular_price": 4.49,
  "selling_price": 4.49,
  "price_per_unit": "pro 500g | 1Kg = 8.98 CHF",
  "breadcrumb": "Sortiment > Sortiment > Cherryrispen-Tomaten 500g",
  "pdp_url": "https://sortiment.lidl.ch/de/cherryrispen-tomaten-500g-0082388",
  "product_description": "Artikelnr.: 82388",
  "producthierarchy_level1": "Sortiment",
  "producthierarchy_level2": "Sortiment",
  "producthierarchy_level3": "Cherryrispen-Tomaten 500g",
  "producthierarchy_level4": "",
  "producthierarchy_level5": "",
  "producthierarchy_level6": "",
  "producthierarchy_level7": "",
  "currency": "Swiss franc",
  "file_name_1": "82388_1.jpg",
  "image_url_1": "https://sortiment.lidl.ch/media/amasty/amoptmobile/catalog/product/cache/38c728e59b3a47950872534eff8a1e63/8/2/82388_OGFG.jpg"
},
{
  "_id": {
    "$oid": "66f3ab3ed23ade1eec5600e0"
  },
  "unique_id": "82236",
  "product_name": "Lauchzwiebeln",
  "brand": "",
  "regular_price": 1.59,
  "selling_price": 1.59,
  "price_per_unit": "pro Stück",
  "breadcrumb": "Sortiment > Sortiment > Lauchzwiebeln",
  "pdp_url": "https://sortiment.lidl.ch/de/lauchzwiebeln-0082236",
  "product_description": "Artikelnr.: 82236",
  "producthierarchy_level1": "Sortiment",
  "producthierarchy_level2": "Sortiment",
  "producthierarchy_level3": "Lauchzwiebeln",
  "producthierarchy_level4": "",
  "producthierarchy_level5": "",
  "producthierarchy_level6": "",
  "producthierarchy_level7": "",
  "currency": "Swiss franc",
  "file_name_1": "82236_1.jpg",
  "image_url_1": "https://sortiment.lidl.ch/media/catalog/product/cache/38c728e59b3a47950872534eff8a1e63/8/2/82236_OGFG.jpg"
},
{
  "_id": {
    "$oid": "66f3ab3fd23ade1eec5600e1"
  },
  "unique_id": "82231",
  "product_name": "Gurke",
  "brand": "",
  "regular_price": 1.49,
  "selling_price": 1.49,
  "price_per_unit": "pro Stück",
  "breadcrumb": "Sortiment > Sortiment > Gurke",
  "pdp_url": "https://sortiment.lidl.ch/de/gurke-0082231",
  "product_description": "Artikelnr.: 82231",
  "producthierarchy_level1": "Sortiment",
  "producthierarchy_level2": "Sortiment",
  "producthierarchy_level3": "Gurke",
  "producthierarchy_level4": "",
  "producthierarchy_level5": "",
  "producthierarchy_level6": "",
  "producthierarchy_level7": "",
  "currency": "Swiss franc",
  "file_name_1": "82231_1.jpg",
  "image_url_1": "https://sortiment.lidl.ch/media/catalog/product/cache/38c728e59b3a47950872534eff8a1e63/8/2/82231_OGFG.jpg"
},
{
  "_id": {
    "$oid": "66f3ab40d23ade1eec5600e2"
  },
  "unique_id": "84545",
  "product_name": "Bio Zucchetti 500g",
  "brand": "BIO Organic",
  "regular_price": 2.49,
  "selling_price": 2.49,
  "price_per_unit": "pro 500g | 1Kg = 4.98 CHF",
  "breadcrumb": "Sortiment > Sortiment > Bio Zucchetti 500g",
  "pdp_url": "https://sortiment.lidl.ch/de/bio-zucchetti-500g-0084545",
  "product_description": "Artikelnr.: 84545",
  "producthierarchy_level1": "Sortiment",
  "producthierarchy_level2": "Sortiment",
  "producthierarchy_level3": "Bio Zucchetti 500g",
  "producthierarchy_level4": "",
  "producthierarchy_level5": "",
  "producthierarchy_level6": "",
  "producthierarchy_level7": "",
  "currency": "Swiss franc",
  "file_name_1": "84545_1.jpg",
  "image_url_1": "https://sortiment.lidl.ch/media/catalog/product/cache/38c728e59b3a47950872534eff8a1e63/8/4/84545_OGFG.jpg"
},
{
  "_id": {
    "$oid": "66f3ab41d23ade1eec5600e3"
  },
  "unique_id": "82180",
  "product_name": "Auberginen",
  "brand": "",
  "regular_price": 3.49,
  "selling_price": 3.49,
  "price_per_unit": "pro 1kg",
  "breadcrumb": "Sortiment > Sortiment > Auberginen",
  "pdp_url": "https://sortiment.lidl.ch/de/auberginen-0082180",
  "product_description": "Artikelnr.: 82180",
  "producthierarchy_level1": "Sortiment",
  "producthierarchy_level2": "Sortiment",
  "producthierarchy_level3": "Auberginen",
  "producthierarchy_level4": "",
  "producthierarchy_level5": "",
  "producthierarchy_level6": "",
  "producthierarchy_level7": "",
  "currency": "Swiss franc",
  "file_name_1": "82180_1.jpg",
  "image_url_1": "https://sortiment.lidl.ch/media/catalog/product/cache/38c728e59b3a47950872534eff8a1e63/8/2/82180_OGFG.jpg"
},
{
  "_id": {
    "$oid": "66f3ab42d23ade1eec5600e4"
  },
  "unique_id": "84535",
  "product_name": "Bio Gurke",
  "brand": "BIO Organic",
  "regular_price": 2.29,
  "selling_price": 2.29,
  "price_per_unit": "pro Stück",
  "breadcrumb": "Sortiment > Sortiment > Bio Gurke",
  "pdp_url": "https://sortiment.lidl.ch/de/bio-gurke-0084535",
  "product_description": "Artikelnr.: 84535",
  "producthierarchy_level1": "Sortiment",
  "producthierarchy_level2": "Sortiment",
  "producthierarchy_level3": "Bio Gurke",
  "producthierarchy_level4": "",
  "producthierarchy_level5": "",
  "producthierarchy_level6": "",
  "producthierarchy_level7": "",
  "currency": "Swiss franc",
  "file_name_1": "84535_1.jpg",
  "image_url_1": "https://sortiment.lidl.ch/media/catalog/product/cache/38c728e59b3a47950872534eff8a1e63/8/4/84535_OGFG.jpg"
},
{
  "_id": {
    "$oid": "66f3ab43d23ade1eec5600e5"
  },
  "unique_id": "84526",
  "product_name": "Bio Auberginen 500g",
  "brand": "BIO Organic",
  "regular_price": 3.29,
  "selling_price": 3.29,
  "price_per_unit": "pro 500g | 1Kg = 6.58 CHF",
  "breadcrumb": "Sortiment > Sortiment > Bio Auberginen 500g",
  "pdp_url": "https://sortiment.lidl.ch/de/bio-auberginen-500g-0084526",
  "product_description": "Artikelnr.: 84526",
  "producthierarchy_level1": "Sortiment",
  "producthierarchy_level2": "Sortiment",
  "producthierarchy_level3": "Bio Auberginen 500g",
  "producthierarchy_level4": "",
  "producthierarchy_level5": "",
  "producthierarchy_level6": "",
  "producthierarchy_level7": "",
  "currency": "Swiss franc",
  "file_name_1": "84526_1.jpg",
  "image_url_1": "https://sortiment.lidl.ch/media/catalog/product/cache/38c728e59b3a47950872534eff8a1e63/8/4/84526_OGAX.jpg",
  "file_name_2": "84526_2.jpg",
  "image_url_2": "https://sortiment.lidl.ch/media/catalog/product/cache/38c728e59b3a47950872534eff8a1e63/8/4/84526_OGFG.jpg"
},
{
  "_id": {
    "$oid": "66f3ab44d23ade1eec5600e6"
  },
  "unique_id": "82345",
  "product_name": "Zucchetti",
  "brand": "",
  "regular_price": 2.89,
  "selling_price": 2.89,
  "price_per_unit": "pro 1kg",
  "breadcrumb": "Sortiment > Sortiment > Zucchetti",
  "pdp_url": "https://sortiment.lidl.ch/de/zucchetti-0082345",
  "product_description": "Artikelnr.: 82345",
  "producthierarchy_level1": "Sortiment",
  "producthierarchy_level2": "Sortiment",
  "producthierarchy_level3": "Zucchetti",
  "producthierarchy_level4": "",
  "producthierarchy_level5": "",
  "producthierarchy_level6": "",
  "producthierarchy_level7": "",
  "currency": "Swiss franc",
  "file_name_1": "82345_1.jpg",
  "image_url_1": "https://sortiment.lidl.ch/media/catalog/product/cache/38c728e59b3a47950872534eff8a1e63/8/2/82345_OGFG.jpg"
},
{
  "_id": {
    "$oid": "66f3ab45d23ade1eec5600e7"
  },
  "unique_id": "82327",
  "product_name": "Stangenbohnen 500g",
  "brand": "",
  "regular_price": 2.35,
  "selling_price": 2.35,
  "price_per_unit": "pro 500g | 1Kg = 4.70 CHF",
  "breadcrumb": "Sortiment > Sortiment > Stangenbohnen 500g",
  "pdp_url": "https://sortiment.lidl.ch/de/stangenbohnen-500g-0082327",
  "product_description": "Artikelnr.: 82327",
  "producthierarchy_level1": "Sortiment",
  "producthierarchy_level2": "Sortiment",
  "producthierarchy_level3": "Stangenbohnen 500g",
  "producthierarchy_level4": "",
  "producthierarchy_level5": "",
  "producthierarchy_level6": "",
  "producthierarchy_level7": "",
  "currency": "Swiss franc",
  "file_name_1": "82327_1.jpg",
  "image_url_1": "https://sortiment.lidl.ch/media/catalog/product/cache/38c728e59b3a47950872534eff8a1e63/8/2/82327_OGFG.jpg"
},
{
  "_id": {
    "$oid": "66f3ab46d23ade1eec5600e8"
  },
  "unique_id": "82319",
  "product_name": "Spinat 500g",
  "brand": "",
  "regular_price": 3.49,
  "selling_price": 3.49,
  "price_per_unit": "pro 500g | 1Kg = 6.98 CHF",
  "breadcrumb": "Sortiment > Sortiment > Spinat 500g",
  "pdp_url": "https://sortiment.lidl.ch/de/spinat-500g-0082319",
  "product_description": "Artikelnr.: 82319",
  "producthierarchy_level1": "Sortiment",
  "producthierarchy_level2": "Sortiment",
  "producthierarchy_level3": "Spinat 500g",
  "producthierarchy_level4": "",
  "producthierarchy_level5": "",
  "producthierarchy_level6": "",
  "producthierarchy_level7": "",
  "currency": "Swiss franc",
  "file_name_1": "82319_1.jpg",
  "image_url_1": "https://sortiment.lidl.ch/media/catalog/product/cache/38c728e59b3a47950872534eff8a1e63/8/2/82319_OGFG.jpg"
},
{
  "_id": {
    "$oid": "66f3ab47d23ade1eec5600e9"
  },
  "unique_id": "82275",
  "product_name": "Radieschen 250g",
  "brand": "",
  "regular_price": 1.49,
  "selling_price": 1.49,
  "price_per_unit": "pro Stück",
  "breadcrumb": "Sortiment > Sortiment > Radieschen 250g",
  "pdp_url": "https://sortiment.lidl.ch/de/radieschen-250g-0082275",
  "product_description": "Artikelnr.: 82275",
  "producthierarchy_level1": "Sortiment",
  "producthierarchy_level2": "Sortiment",
  "producthierarchy_level3": "Radieschen 250g",
  "producthierarchy_level4": "",
  "producthierarchy_level5": "",
  "producthierarchy_level6": "",
  "producthierarchy_level7": "",
  "currency": "Swiss franc",
  "file_name_1": "82275_1.jpg",
  "image_url_1": "https://sortiment.lidl.ch/media/catalog/product/cache/38c728e59b3a47950872534eff8a1e63/8/2/82275_OGFG.jpg"
},
{
  "_id": {
    "$oid": "66f3ab49d23ade1eec5600ea"
  },
  "unique_id": "82255",
  "product_name": "Stangenlauch",
  "brand": "",
  "regular_price": 4.79,
  "selling_price": 4.79,
  "price_per_unit": "pro 1kg",
  "breadcrumb": "Sortiment > Sortiment > Stangenlauch",
  "pdp_url": "https://sortiment.lidl.ch/de/stangenlauch-0082255",
  "product_description": "Artikelnr.: 82255",
  "producthierarchy_level1": "Sortiment",
  "producthierarchy_level2": "Sortiment",
  "producthierarchy_level3": "Stangenlauch",
  "producthierarchy_level4": "",
  "producthierarchy_level5": "",
  "producthierarchy_level6": "",
  "producthierarchy_level7": "",
  "currency": "Swiss franc",
  "file_name_1": "82255_1.jpg",
  "image_url_1": "https://sortiment.lidl.ch/media/catalog/product/cache/38c728e59b3a47950872534eff8a1e63/8/2/82255_OGFG.jpg"
},
{
  "_id": {
    "$oid": "66f3ab4ad23ade1eec5600eb"
  },
  "unique_id": "82241",
  "product_name": "Snack Gurken 250g",
  "brand": "Kids Snack",
  "regular_price": 1.99,
  "selling_price": 1.99,
  "price_per_unit": "pro 250g | 100g = 0.80 CHF",
  "breadcrumb": "Sortiment > Sortiment > Snack Gurken 250g",
  "pdp_url": "https://sortiment.lidl.ch/de/snack-gurken-250g-0082241",
  "product_description": "Artikelnr.: 82241",
  "producthierarchy_level1": "Sortiment",
  "producthierarchy_level2": "Sortiment",
  "producthierarchy_level3": "Snack Gurken 250g",
  "producthierarchy_level4": "",
  "producthierarchy_level5": "",
  "producthierarchy_level6": "",
  "producthierarchy_level7": "",
  "currency": "Swiss franc",
  "file_name_1": "82241_1.jpg",
  "image_url_1": "https://sortiment.lidl.ch/media/catalog/product/cache/38c728e59b3a47950872534eff8a1e63/8/2/82241_PSXX.jpg"
},
{
  "_id": {
    "$oid": "66f3ab4bd23ade1eec5600ec"
  },
  "unique_id": "82212",
  "product_name": "Buschbohnen 500g",
  "brand": "",
  "regular_price": 3.59,
  "selling_price": 3.59,
  "price_per_unit": "pro 500g | 1Kg = 7.18 CHF",
  "breadcrumb": "Sortiment > Sortiment > Buschbohnen 500g",
  "pdp_url": "https://sortiment.lidl.ch/de/buschbohnen-500g-0082212",
  "product_description": "Artikelnr.: 82212",
  "producthierarchy_level1": "Sortiment",
  "producthierarchy_level2": "Sortiment",
  "producthierarchy_level3": "Buschbohnen 500g",
  "producthierarchy_level4": "",
  "producthierarchy_level5": "",
  "producthierarchy_level6": "",
  "producthierarchy_level7": "",
  "currency": "Swiss franc",
  "file_name_1": "82212_1.jpg",
  "image_url_1": "https://sortiment.lidl.ch/media/catalog/product/cache/38c728e59b3a47950872534eff8a1e63/8/2/82212_OGFG.jpg"
},
{
  "_id": {
    "$oid": "66f3ab4cd23ade1eec5600ed"
  },
  "unique_id": "84665",
  "product_name": "Bio Zwiebeln 500g",
  "brand": "BIO Organic",
  "regular_price": 2.29,
  "selling_price": 2.29,
  "price_per_unit": "pro 500g | 1Kg = 4.58 CHF",
  "breadcrumb": "Sortiment > Sortiment > Bio Zwiebeln 500g",
  "pdp_url": "https://sortiment.lidl.ch/de/bio-zwiebeln-500g-0084665",
  "product_description": "Artikelnr.: 84665",
  "producthierarchy_level1": "Sortiment",
  "producthierarchy_level2": "Sortiment",
  "producthierarchy_level3": "Bio Zwiebeln 500g",
  "producthierarchy_level4": "",
  "producthierarchy_level5": "",
  "producthierarchy_level6": "",
  "producthierarchy_level7": "",
  "currency": "Swiss franc",
  "file_name_1": "84665_1.jpg",
  "image_url_1": "https://sortiment.lidl.ch/media/catalog/product/cache/38c728e59b3a47950872534eff8a1e63/8/4/84665_OGFG.jpg"
},
{
  "_id": {
    "$oid": "66f3ab4dd23ade1eec5600ee"
  },
  "unique_id": "83244",
  "product_name": "Kartoffeln 2kg",
  "brand": "",
  "regular_price": 2.66,
  "selling_price": 2.66,
  "price_per_unit": "pro 2kg | 1Kg = 1.33 CHF",
  "breadcrumb": "Sortiment > Sortiment > Kartoffeln 2kg",
  "pdp_url": "https://sortiment.lidl.ch/de/kartoffeln-2kg-0083244",
  "product_description": "Artikelnr.: 83244",
  "producthierarchy_level1": "Sortiment",
  "producthierarchy_level2": "Sortiment",
  "producthierarchy_level3": "Kartoffeln 2kg",
  "producthierarchy_level4": "",
  "producthierarchy_level5": "",
  "producthierarchy_level6": "",
  "producthierarchy_level7": "",
  "currency": "Swiss franc",
  "file_name_1": "83244_1.jpg",
  "image_url_1": "https://sortiment.lidl.ch/media/catalog/product/cache/38c728e59b3a47950872534eff8a1e63/8/3/83244_OGFG.jpg"
},
{
  "_id": {
    "$oid": "66f3ab4ed23ade1eec5600ef"
  },
  "unique_id": "84669",
  "product_name": "Bio Kartoffeln mehligkochend 1kg",
  "brand": "BIO Organic",
  "regular_price": 2.79,
  "selling_price": 2.79,
  "price_per_unit": "pro 1kg",
  "breadcrumb": "Sortiment > Sortiment > Bio Kartoffeln mehligkochend 1kg",
  "pdp_url": "https://sortiment.lidl.ch/de/bio-kartoffeln-mehligkochend-1kg-0084669",
  "product_description": "Artikelnr.: 84669",
  "producthierarchy_level1": "Sortiment",
  "producthierarchy_level2": "Sortiment",
  "producthierarchy_level3": "Bio Kartoffeln mehligkochend 1kg",
  "producthierarchy_level4": "",
  "producthierarchy_level5": "",
  "producthierarchy_level6": "",
  "producthierarchy_level7": "",
  "currency": "Swiss franc",
  "file_name_1": "84669_1.jpg",
  "image_url_1": "https://sortiment.lidl.ch/media/catalog/product/cache/38c728e59b3a47950872534eff8a1e63/8/4/84669_OGFG.jpg"
},
{
  "_id": {
    "$oid": "66f3ab4fd23ade1eec5600f0"
  },
  "unique_id": "84660",
  "product_name": "Bio Kartoffeln festkochend 1kg",
  "brand": "BIO Organic",
  "regular_price": 2.79,
  "selling_price": 2.79,
  "price_per_unit": "pro 1kg",
  "breadcrumb": "Sortiment > Sortiment > Bio Kartoffeln festkochend 1kg",
  "pdp_url": "https://sortiment.lidl.ch/de/bio-kartoffeln-festkochend-1kg-0084660",
  "product_description": "Artikelnr.: 84660",
  "producthierarchy_level1": "Sortiment",
  "producthierarchy_level2": "Sortiment",
  "producthierarchy_level3": "Bio Kartoffeln festkochend 1kg",
  "producthierarchy_level4": "",
  "producthierarchy_level5": "",
  "producthierarchy_level6": "",
  "producthierarchy_level7": "",
  "currency": "Swiss franc",
  "file_name_1": "84660_1.jpg",
  "image_url_1": "https://sortiment.lidl.ch/media/catalog/product/cache/38c728e59b3a47950872534eff8a1e63/8/4/84660_OGFG.jpg"
},
{
  "_id": {
    "$oid": "66f3ab50d23ade1eec5600f1"
  },
  "unique_id": "83352",
  "product_name": "Zwiebeln rot 1kg",
  "brand": "Terra Natura",
  "regular_price": 1.79,
  "selling_price": 1.79,
  "price_per_unit": "pro 1kg",
  "breadcrumb": "Sortiment > Sortiment > Zwiebeln rot 1kg",
  "pdp_url": "https://sortiment.lidl.ch/de/zwiebeln-rot-1kg-0083352",
  "product_description": "Artikelnr.: 83352",
  "producthierarchy_level1": "Sortiment",
  "producthierarchy_level2": "Sortiment",
  "producthierarchy_level3": "Zwiebeln rot 1kg",
  "producthierarchy_level4": "",
  "producthierarchy_level5": "",
  "producthierarchy_level6": "",
  "producthierarchy_level7": "",
  "currency": "Swiss franc",
  "file_name_1": "83352_1.jpg",
  "image_url_1": "https://sortiment.lidl.ch/media/catalog/product/cache/38c728e59b3a47950872534eff8a1e63/8/3/83352_OGFG.jpg"
},
{
  "_id": {
    "$oid": "66f3ab51d23ade1eec5600f2"
  },
  "unique_id": "83333",
  "product_name": "Zwiebeln 2kg",
  "brand": "Terra Natura",
  "regular_price": 2.99,
  "selling_price": 2.99,
  "price_per_unit": "pro 2kg | 1Kg = 1.50 CHF",
  "breadcrumb": "Sortiment > Sortiment > Zwiebeln 2kg",
  "pdp_url": "https://sortiment.lidl.ch/de/zwiebeln-2kg-0083333",
  "product_description": "Artikelnr.: 83333",
  "producthierarchy_level1": "Sortiment",
  "producthierarchy_level2": "Sortiment",
  "producthierarchy_level3": "Zwiebeln 2kg",
  "producthierarchy_level4": "",
  "producthierarchy_level5": "",
  "producthierarchy_level6": "",
  "producthierarchy_level7": "",
  "currency": "Swiss franc",
  "file_name_1": "83333_1.jpg",
  "image_url_1": "https://sortiment.lidl.ch/media/catalog/product/cache/38c728e59b3a47950872534eff8a1e63/8/3/83333_OGFG.jpg"
},
{
  "_id": {
    "$oid": "66f3ab52d23ade1eec5600f3"
  },
  "unique_id": "83325",
  "product_name": "Zwiebeln gelb",
  "brand": "Terra Natura",
  "regular_price": 1.59,
  "selling_price": 1.59,
  "price_per_unit": "pro 1kg",
  "breadcrumb": "Sortiment > Sortiment > Zwiebeln gelb",
  "pdp_url": "https://sortiment.lidl.ch/de/zwiebeln-gelb-0083325",
  "product_description": "Artikelnr.: 83325",
  "producthierarchy_level1": "Sortiment",
  "producthierarchy_level2": "Sortiment",
  "producthierarchy_level3": "Zwiebeln gelb",
  "producthierarchy_level4": "",
  "producthierarchy_level5": "",
  "producthierarchy_level6": "",
  "producthierarchy_level7": "",
  "currency": "Swiss franc",
  "file_name_1": "83325_1.jpg",
  "image_url_1": "https://sortiment.lidl.ch/media/catalog/product/cache/38c728e59b3a47950872534eff8a1e63/8/3/83325_OGFG.jpg"
},
{
  "_id": {
    "$oid": "66f3ab53d23ade1eec5600f4"
  },
  "unique_id": "83318",
  "product_name": "Baked Potatoes 5kg",
  "brand": "",
  "regular_price": 5.99,
  "selling_price": 5.99,
  "price_per_unit": "pro 5kg | 1Kg = 1.20 CHF",
  "breadcrumb": "Sortiment > Sortiment > Baked Potatoes 5kg",
  "pdp_url": "https://sortiment.lidl.ch/de/baked-potatoes-5kg-0083318",
  "product_description": "Artikelnr.: 83318",
  "producthierarchy_level1": "Sortiment",
  "producthierarchy_level2": "Sortiment",
  "producthierarchy_level3": "Baked Potatoes 5kg",
  "producthierarchy_level4": "",
  "producthierarchy_level5": "",
  "producthierarchy_level6": "",
  "producthierarchy_level7": "",
  "currency": "Swiss franc",
  "file_name_1": "83318_1.jpg",
  "image_url_1": "https://sortiment.lidl.ch/media/catalog/product/cache/38c728e59b3a47950872534eff8a1e63/8/3/83318_OGAX.jpg",
  "file_name_2": "83318_2.jpg",
  "image_url_2": "https://sortiment.lidl.ch/media/catalog/product/cache/38c728e59b3a47950872534eff8a1e63/8/3/83318_OGFG.jpg"
},
{
  "_id": {
    "$oid": "66f3ab54d23ade1eec5600f5"
  },
  "unique_id": "83224",
  "product_name": "Kartoffeln festkochend 2kg",
  "brand": "",
  "regular_price": 2.66,
  "selling_price": 2.66,
  "price_per_unit": "pro 2kg | 1Kg = 1.33 CHF",
  "breadcrumb": "Sortiment > Sortiment > Kartoffeln festkochend 2kg",
  "pdp_url": "https://sortiment.lidl.ch/de/kartoffeln-festkochend-2kg-0083224",
  "product_description": "Artikelnr.: 83224",
  "producthierarchy_level1": "Sortiment",
  "producthierarchy_level2": "Sortiment",
  "producthierarchy_level3": "Kartoffeln festkochend 2kg",
  "producthierarchy_level4": "",
  "producthierarchy_level5": "",
  "producthierarchy_level6": "",
  "producthierarchy_level7": "",
  "currency": "Swiss franc",
  "file_name_1": "83224_1.jpg",
  "image_url_1": "https://sortiment.lidl.ch/media/catalog/product/cache/38c728e59b3a47950872534eff8a1e63/8/3/83224_OGFG.jpg"
},
{
  "_id": {
    "$oid": "66f3ab55d23ade1eec5600f6"
  },
  "unique_id": "83222",
  "product_name": "Kartoffeln Raclette 1kg",
  "brand": "",
  "regular_price": 1.49,
  "selling_price": 1.49,
  "price_per_unit": "pro 1kg",
  "breadcrumb": "Sortiment > Sortiment > Kartoffeln Raclette 1kg",
  "pdp_url": "https://sortiment.lidl.ch/de/kartoffeln-raclette-1kg-0083222",
  "product_description": "Artikelnr.: 83222",
  "producthierarchy_level1": "Sortiment",
  "producthierarchy_level2": "Sortiment",
  "producthierarchy_level3": "Kartoffeln Raclette 1kg",
  "producthierarchy_level4": "",
  "producthierarchy_level5": "",
  "producthierarchy_level6": "",
  "producthierarchy_level7": "",
  "currency": "Swiss franc",
  "file_name_1": "83222_1.jpg",
  "image_url_1": "https://sortiment.lidl.ch/media/catalog/product/cache/38c728e59b3a47950872534eff8a1e63/8/3/83222_OGFG.jpg"
},
{
  "_id": {
    "$oid": "66f3ab56d23ade1eec5600f7"
  },
  "unique_id": "83215",
  "product_name": "Kartoffeln Les Royales",
  "brand": "",
  "regular_price": 1.39,
  "selling_price": 1.39,
  "price_per_unit": "pro 1kg",
  "breadcrumb": "Sortiment > Sortiment > Kartoffeln Les Royales",
  "pdp_url": "https://sortiment.lidl.ch/de/kartoffeln-les-royales-0083215",
  "product_description": "Artikelnr.: 83215",
  "producthierarchy_level1": "Sortiment",
  "producthierarchy_level2": "Sortiment",
  "producthierarchy_level3": "Kartoffeln Les Royales",
  "producthierarchy_level4": "",
  "producthierarchy_level5": "",
  "producthierarchy_level6": "",
  "producthierarchy_level7": "",
  "currency": "Swiss franc",
  "file_name_1": "83215_1.jpg",
  "image_url_1": "https://sortiment.lidl.ch/media/catalog/product/cache/38c728e59b3a47950872534eff8a1e63/8/3/83215_OGFG.jpg"
},
{
  "_id": {
    "$oid": "66f3ab57d23ade1eec5600f8"
  },
  "unique_id": "84647",
  "product_name": "Bio Gartenkräuter",
  "brand": "BIO Organic",
  "regular_price": 1.99,
  "selling_price": 1.99,
  "price_per_unit": "pro Stück",
  "breadcrumb": "Sortiment > Sortiment > Bio Gartenkräuter",
  "pdp_url": "https://sortiment.lidl.ch/de/bio-gartenkraeuter-0084647",
  "product_description": "Artikelnr.: 84647",
  "producthierarchy_level1": "Sortiment",
  "producthierarchy_level2": "Sortiment",
  "producthierarchy_level3": "Bio Gartenkräuter",
  "producthierarchy_level4": "",
  "producthierarchy_level5": "",
  "producthierarchy_level6": "",
  "producthierarchy_level7": "",
  "currency": "Swiss franc",
  "file_name_1": "84647_1.jpg",
  "image_url_1": "https://sortiment.lidl.ch/media/catalog/product/cache/38c728e59b3a47950872534eff8a1e63/8/4/84647_Basilikum_OGFG.jpg",
  "file_name_2": "84647_2.jpg",
  "image_url_2": "https://sortiment.lidl.ch/media/catalog/product/cache/38c728e59b3a47950872534eff8a1e63/8/4/84647_Peterli_OGFG.jpg",
  "file_name_3": "84647_3.jpg",
  "image_url_3": "https://sortiment.lidl.ch/media/catalog/product/cache/38c728e59b3a47950872534eff8a1e63/8/4/84647_Schnittlauch_OGFG.jpg"
},
{
  "_id": {
    "$oid": "66f3ab58d23ade1eec5600f9"
  },
  "unique_id": "83017",
  "product_name": "Champignons weiss 400g",
  "brand": "",
  "regular_price": 1.59,
  "selling_price": 1.59,
  "price_per_unit": "pro 400g | 100g = 0.40 CHF",
  "breadcrumb": "Sortiment > Sortiment > Champignons weiss 400g",
  "pdp_url": "https://sortiment.lidl.ch/de/champignons-weiss-400g-0083017",
  "product_description": "Artikelnr.: 83017",
  "producthierarchy_level1": "Sortiment",
  "producthierarchy_level2": "Sortiment",
  "producthierarchy_level3": "Champignons weiss 400g",
  "producthierarchy_level4": "",
  "producthierarchy_level5": "",
  "producthierarchy_level6": "",
  "producthierarchy_level7": "",
  "currency": "Swiss franc",
  "file_name_1": "83017_1.jpg",
  "image_url_1": "https://sortiment.lidl.ch/media/catalog/product/cache/38c728e59b3a47950872534eff8a1e63/8/3/83017_OGFG.jpg"
},
{
  "_id": {
    "$oid": "66f3ab59d23ade1eec5600fa"
  },
  "unique_id": "83015",
  "product_name": "Champignons weiss 250g",
  "brand": "",
  "regular_price": 1.69,
  "selling_price": 1.69,
  "price_per_unit": "pro 250g | 100g = 0.68 CHF",
  "breadcrumb": "Sortiment > Sortiment > Champignons weiss 250g",
  "pdp_url": "https://sortiment.lidl.ch/de/champignons-weiss-250g-0083015",
  "product_description": "Artikelnr.: 83015",
  "producthierarchy_level1": "Sortiment",
  "producthierarchy_level2": "Sortiment",
  "producthierarchy_level3": "Champignons weiss 250g",
  "producthierarchy_level4": "",
  "producthierarchy_level5": "",
  "producthierarchy_level6": "",
  "producthierarchy_level7": "",
  "currency": "Swiss franc",
  "file_name_1": "83015_1.jpg",
  "image_url_1": "https://sortiment.lidl.ch/media/catalog/product/cache/38c728e59b3a47950872534eff8a1e63/8/3/83015_OGFG.jpg"
},
{
  "_id": {
    "$oid": "66f3ab5ad23ade1eec5600fb"
  },
  "unique_id": "82864",
  "product_name": "Zuckermais gekocht 400g",
  "brand": "",
  "regular_price": 1.49,
  "selling_price": 1.49,
  "price_per_unit": "pro 400g | 100g = 0.38 CHF",
  "breadcrumb": "Sortiment > Sortiment > Zuckermais gekocht 400g",
  "pdp_url": "https://sortiment.lidl.ch/de/zuckermais-gekocht-400g-0082864",
  "product_description": "Artikelnr.: 82864",
  "producthierarchy_level1": "Sortiment",
  "producthierarchy_level2": "Sortiment",
  "producthierarchy_level3": "Zuckermais gekocht 400g",
  "producthierarchy_level4": "",
  "producthierarchy_level5": "",
  "producthierarchy_level6": "",
  "producthierarchy_level7": "",
  "currency": "Swiss franc",
  "file_name_1": "82864_1.jpg",
  "image_url_1": "https://sortiment.lidl.ch/media/catalog/product/cache/38c728e59b3a47950872534eff8a1e63/8/2/82864_OGFG.jpg"
},
{
  "_id": {
    "$oid": "66f3ab5cd23ade1eec5600fc"
  },
  "unique_id": "82700",
  "product_name": "Ingwer",
  "brand": "",
  "regular_price": 4.99,
  "selling_price": 4.99,
  "price_per_unit": "pro 1kg",
  "breadcrumb": "Sortiment > Sortiment > Ingwer",
  "pdp_url": "https://sortiment.lidl.ch/de/ingwer-0082700",
  "product_description": "Artikelnr.: 82700",
  "producthierarchy_level1": "Sortiment",
  "producthierarchy_level2": "Sortiment",
  "producthierarchy_level3": "Ingwer",
  "producthierarchy_level4": "",
  "producthierarchy_level5": "",
  "producthierarchy_level6": "",
  "producthierarchy_level7": "",
  "currency": "Swiss franc",
  "file_name_1": "82700_1.jpg",
  "image_url_1": "https://sortiment.lidl.ch/media/catalog/product/cache/38c728e59b3a47950872534eff8a1e63/8/2/82700_OGFG.jpg"
},
{
  "_id": {
    "$oid": "66f3ab5dd23ade1eec5600fd"
  },
  "unique_id": "84677",
  "product_name": "Bio Muskat Kürbis",
  "brand": "BIO Organic",
  "regular_price": 3.99,
  "selling_price": 3.99,
  "price_per_unit": "pro 1kg",
  "breadcrumb": "Sortiment > Sortiment > Bio Muskat Kürbis",
  "pdp_url": "https://sortiment.lidl.ch/de/bio-muskat-kuerbis-0084677",
  "product_description": "Artikelnr.: 84677",
  "producthierarchy_level1": "Sortiment",
  "producthierarchy_level2": "Sortiment",
  "producthierarchy_level3": "Bio Muskat Kürbis",
  "producthierarchy_level4": "",
  "producthierarchy_level5": "",
  "producthierarchy_level6": "",
  "producthierarchy_level7": "",
  "currency": "Swiss franc",
  "file_name_1": "84677_1.jpg",
  "image_url_1": "https://sortiment.lidl.ch/media/catalog/product/cache/38c728e59b3a47950872534eff8a1e63/8/4/84677_OGFG_1.jpg"
},
{
  "_id": {
    "$oid": "66f3ab5ed23ade1eec5600fe"
  },
  "unique_id": "84634",
  "product_name": "BIO Organic Bio Randen",
  "brand": "BIO Organic",
  "regular_price": 3.99,
  "selling_price": 3.99,
  "price_per_unit": "pro 1kg",
  "breadcrumb": "Sortiment > Sortiment > BIO Organic Bio Randen",
  "pdp_url": "https://sortiment.lidl.ch/de/bio-organic-bio-randen-0084634",
  "product_description": "Artikelnr.: 84634",
  "producthierarchy_level1": "Sortiment",
  "producthierarchy_level2": "Sortiment",
  "producthierarchy_level3": "BIO Organic Bio Randen",
  "producthierarchy_level4": "",
  "producthierarchy_level5": "",
  "producthierarchy_level6": "",
  "producthierarchy_level7": "",
  "currency": "Swiss franc",
  "file_name_1": "84634_1.jpg",
  "image_url_1": "https://sortiment.lidl.ch/media/catalog/product/cache/38c728e59b3a47950872534eff8a1e63/8/4/84634_OGFG.jpg"
},
{
  "_id": {
    "$oid": "66f3ab5fd23ade1eec5600ff"
  },
  "unique_id": "84626",
  "product_name": "Bio Pastinaken 500g",
  "brand": "BIO Organic",
  "regular_price": 2.29,
  "selling_price": 2.29,
  "price_per_unit": "pro 500g | 1Kg = 4.58 CHF",
  "breadcrumb": "Sortiment > Sortiment > Bio Pastinaken 500g",
  "pdp_url": "https://sortiment.lidl.ch/de/bio-pastinaken-500g-0084626",
  "product_description": "Artikelnr.: 84626",
  "producthierarchy_level1": "Sortiment",
  "producthierarchy_level2": "Sortiment",
  "producthierarchy_level3": "Bio Pastinaken 500g",
  "producthierarchy_level4": "",
  "producthierarchy_level5": "",
  "producthierarchy_level6": "",
  "producthierarchy_level7": "",
  "currency": "Swiss franc",
  "file_name_1": "84626_1.jpg",
  "image_url_1": "https://sortiment.lidl.ch/media/catalog/product/cache/38c728e59b3a47950872534eff8a1e63/8/4/84626_PSXX.jpg"
},
{
  "_id": {
    "$oid": "66f3ab60d23ade1eec560100"
  },
  "unique_id": "84611",
  "product_name": "Bio Rüebli 1kg",
  "brand": "BIO Organic",
  "regular_price": 3.29,
  "selling_price": 3.29,
  "price_per_unit": "pro 1kg",
  "breadcrumb": "Sortiment > Sortiment > Bio Rüebli 1kg",
  "pdp_url": "https://sortiment.lidl.ch/de/bio-rueebli-1kg-0084611",
  "product_description": "Artikelnr.: 84611",
  "producthierarchy_level1": "Sortiment",
  "producthierarchy_level2": "Sortiment",
  "producthierarchy_level3": "Bio Rüebli 1kg",
  "producthierarchy_level4": "",
  "producthierarchy_level5": "",
  "producthierarchy_level6": "",
  "producthierarchy_level7": "",
  "currency": "Swiss franc",
  "file_name_1": "84611_1.jpg",
  "image_url_1": "https://sortiment.lidl.ch/media/catalog/product/cache/38c728e59b3a47950872534eff8a1e63/8/4/84611_OGFG.jpg"
},
{
  "_id": {
    "$oid": "66f3ab61d23ade1eec560101"
  },
  "unique_id": "84592",
  "product_name": "Bio Zuckermais 350g",
  "brand": "BIO Organic",
  "regular_price": 2.99,
  "selling_price": 2.99,
  "price_per_unit": "pro 350g | 100g = 0.86 CHF",
  "breadcrumb": "Sortiment > Sortiment > Bio Zuckermais 350g",
  "pdp_url": "https://sortiment.lidl.ch/de/bio-zuckermais-350g-0084592",
  "product_description": "Artikelnr.: 84592",
  "producthierarchy_level1": "Sortiment",
  "producthierarchy_level2": "Sortiment",
  "producthierarchy_level3": "Bio Zuckermais 350g",
  "producthierarchy_level4": "",
  "producthierarchy_level5": "",
  "producthierarchy_level6": "",
  "producthierarchy_level7": "",
  "currency": "Swiss franc",
  "file_name_1": "84592_1.jpg",
  "image_url_1": "https://sortiment.lidl.ch/media/catalog/product/cache/38c728e59b3a47950872534eff8a1e63/8/4/84592_OGFG.jpg"
},
{
  "_id": {
    "$oid": "66f3ab62d23ade1eec560102"
  },
  "unique_id": "84458",
  "product_name": "BIO Stangen-Sellerie 500g",
  "brand": "BIO Organic",
  "regular_price": 3.49,
  "selling_price": 3.49,
  "price_per_unit": "pro 500g | 1Kg = 6.98 CHF",
  "breadcrumb": "Sortiment > Sortiment > BIO Stangen-Sellerie 500g",
  "pdp_url": "https://sortiment.lidl.ch/de/bio-stangen-sellerie-500g-0084458",
  "product_description": "Artikelnr.: 84458",
  "producthierarchy_level1": "Sortiment",
  "producthierarchy_level2": "Sortiment",
  "producthierarchy_level3": "BIO Stangen-Sellerie 500g",
  "producthierarchy_level4": "",
  "producthierarchy_level5": "",
  "producthierarchy_level6": "",
  "producthierarchy_level7": "",
  "currency": "Swiss franc",
  "file_name_1": "84458_1.jpg",
  "image_url_1": "https://sortiment.lidl.ch/media/catalog/product/cache/38c728e59b3a47950872534eff8a1e63/8/4/84458_OGFG_1.jpg"
},
{
  "_id": {
    "$oid": "66f3ab63d23ade1eec560103"
  },
  "unique_id": "83670",
  "product_name": "Rüebli Terra Natura 2,5kg",
  "brand": "",
  "regular_price": 3.99,
  "selling_price": 3.99,
  "price_per_unit": "pro 2,5kg | 1Kg = 1.60 CHF",
  "breadcrumb": "Sortiment > Sortiment > Rüebli Terra Natura 2,5kg",
  "pdp_url": "https://sortiment.lidl.ch/de/rueebli-terra-natura-2-5kg-0083670",
  "product_description": "Artikelnr.: 83670",
  "producthierarchy_level1": "Sortiment",
  "producthierarchy_level2": "Sortiment",
  "producthierarchy_level3": "Rüebli Terra Natura 2,5kg",
  "producthierarchy_level4": "",
  "producthierarchy_level5": "",
  "producthierarchy_level6": "",
  "producthierarchy_level7": "",
  "currency": "Swiss franc",
  "file_name_1": "83670_1.jpg",
  "image_url_1": "https://sortiment.lidl.ch/media/catalog/product/cache/38c728e59b3a47950872534eff8a1e63/8/3/83670_OGFG.jpg"
},
{
  "_id": {
    "$oid": "66f3ab64d23ade1eec560104"
  },
  "unique_id": "82840",
  "product_name": "Kürbis Hokkaido",
  "brand": "",
  "regular_price": 2.79,
  "selling_price": 2.79,
  "price_per_unit": "pro 1kg",
  "breadcrumb": "Sortiment > Sortiment > Kürbis Hokkaido",
  "pdp_url": "https://sortiment.lidl.ch/de/kuerbis-hokkaido-0082840",
  "product_description": "Artikelnr.: 82840",
  "producthierarchy_level1": "Sortiment",
  "producthierarchy_level2": "Sortiment",
  "producthierarchy_level3": "Kürbis Hokkaido",
  "producthierarchy_level4": "",
  "producthierarchy_level5": "",
  "producthierarchy_level6": "",
  "producthierarchy_level7": "",
  "currency": "Swiss franc",
  "file_name_1": "82840_1.jpg",
  "image_url_1": "https://sortiment.lidl.ch/media/catalog/product/cache/38c728e59b3a47950872534eff8a1e63/8/2/82840_OGFG.jpg"
},
{
  "_id": {
    "$oid": "66f3ab65d23ade1eec560105"
  },
  "unique_id": "82720",
  "product_name": "Knollen-Sellerie",
  "brand": "",
  "regular_price": 3.49,
  "selling_price": 3.49,
  "price_per_unit": "pro 1kg",
  "breadcrumb": "Sortiment > Sortiment > Knollen-Sellerie",
  "pdp_url": "https://sortiment.lidl.ch/de/knollen-sellerie-0082720",
  "product_description": "Artikelnr.: 82720",
  "producthierarchy_level1": "Sortiment",
  "producthierarchy_level2": "Sortiment",
  "producthierarchy_level3": "Knollen-Sellerie",
  "producthierarchy_level4": "",
  "producthierarchy_level5": "",
  "producthierarchy_level6": "",
  "producthierarchy_level7": "",
  "currency": "Swiss franc",
  "file_name_1": "82720_1.jpg",
  "image_url_1": "https://sortiment.lidl.ch/media/catalog/product/cache/38c728e59b3a47950872534eff8a1e63/8/2/82720_OGFG.jpg"
},
{
  "_id": {
    "$oid": "66f3ab66d23ade1eec560106"
  },
  "unique_id": "82711",
  "product_name": "Knoblauch 200g",
  "brand": "",
  "regular_price": 0.79,
  "selling_price": 0.79,
  "price_per_unit": "pro 200g | 100g = 0.40 CHF",
  "breadcrumb": "Sortiment > Sortiment > Knoblauch 200g",
  "pdp_url": "https://sortiment.lidl.ch/de/knoblauch-200g-0082711",
  "product_description": "Artikelnr.: 82711",
  "producthierarchy_level1": "Sortiment",
  "producthierarchy_level2": "Sortiment",
  "producthierarchy_level3": "Knoblauch 200g",
  "producthierarchy_level4": "",
  "producthierarchy_level5": "",
  "producthierarchy_level6": "",
  "producthierarchy_level7": "",
  "currency": "Swiss franc",
  "file_name_1": "82711_1.jpg",
  "image_url_1": "https://sortiment.lidl.ch/media/catalog/product/cache/38c728e59b3a47950872534eff8a1e63/8/2/82711_OGFG.jpg"
},
{
  "_id": {
    "$oid": "66f3ab67d23ade1eec560107"
  },
  "unique_id": "84587",
  "product_name": "Bio Peperoni Mix 400g",
  "brand": "BIO Organic",
  "regular_price": 1.79,
  "selling_price": 1.79,
  "price_per_unit": "pro 400g | 100g = 0.45 CHF",
  "breadcrumb": "Sortiment > Sortiment > Bio Peperoni Mix 400g",
  "pdp_url": "https://sortiment.lidl.ch/de/bio-peperoni-mix-400g-0084587",
  "product_description": "Artikelnr.: 84587",
  "producthierarchy_level1": "Sortiment",
  "producthierarchy_level2": "Sortiment",
  "producthierarchy_level3": "Bio Peperoni Mix 400g",
  "producthierarchy_level4": "",
  "producthierarchy_level5": "",
  "producthierarchy_level6": "",
  "producthierarchy_level7": "",
  "currency": "Swiss franc",
  "file_name_1": "84587_1.jpg",
  "image_url_1": "https://sortiment.lidl.ch/media/catalog/product/cache/38c728e59b3a47950872534eff8a1e63/8/4/84587_OGFG.jpg"
},
{
  "_id": {
    "$oid": "66f3ab69d23ade1eec560108"
  },
  "unique_id": "82660",
  "product_name": "Peperoncini Mix 100g",
  "brand": "",
  "regular_price": 0.85,
  "selling_price": 0.85,
  "price_per_unit": "pro 100g",
  "breadcrumb": "Sortiment > Sortiment > Peperoncini Mix 100g",
  "pdp_url": "https://sortiment.lidl.ch/de/peperoncini-mix-100g-0082660",
  "product_description": "Artikelnr.: 82660",
  "producthierarchy_level1": "Sortiment",
  "producthierarchy_level2": "Sortiment",
  "producthierarchy_level3": "Peperoncini Mix 100g",
  "producthierarchy_level4": "",
  "producthierarchy_level5": "",
  "producthierarchy_level6": "",
  "producthierarchy_level7": "",
  "currency": "Swiss franc",
  "file_name_1": "82660_1.jpg",
  "image_url_1": "https://sortiment.lidl.ch/media/catalog/product/cache/38c728e59b3a47950872534eff8a1e63/8/2/82660_OGFG.jpg"
},
{
  "_id": {
    "$oid": "66f3ab6ad23ade1eec560109"
  },
  "unique_id": "82637",
  "product_name": "Spitzpeperoni rot 500g",
  "brand": "",
  "regular_price": 1.59,
  "selling_price": 1.59,
  "price_per_unit": "pro 500g | 1Kg = 3.18 CHF",
  "breadcrumb": "Sortiment > Sortiment > Spitzpeperoni rot 500g",
  "pdp_url": "https://sortiment.lidl.ch/de/spitzpeperoni-rot-500g-0082637",
  "product_description": "Artikelnr.: 82637",
  "producthierarchy_level1": "Sortiment",
  "producthierarchy_level2": "Sortiment",
  "producthierarchy_level3": "Spitzpeperoni rot 500g",
  "producthierarchy_level4": "",
  "producthierarchy_level5": "",
  "producthierarchy_level6": "",
  "producthierarchy_level7": "",
  "currency": "Swiss franc",
  "file_name_1": "82637_1.jpg",
  "image_url_1": "https://sortiment.lidl.ch/media/catalog/product/cache/38c728e59b3a47950872534eff8a1e63/8/2/82637_OGAX.jpg",
  "file_name_2": "82637_2.jpg",
  "image_url_2": "https://sortiment.lidl.ch/media/catalog/product/cache/38c728e59b3a47950872534eff8a1e63/8/2/82637_OGFG.jpg"
},
{
  "_id": {
    "$oid": "66f3ab6bd23ade1eec56010a"
  },
  "unique_id": "82615",
  "product_name": "Peperoni rot",
  "brand": "",
  "regular_price": 2.79,
  "selling_price": 2.79,
  "price_per_unit": "pro 1kg",
  "breadcrumb": "Sortiment > Sortiment > Peperoni rot",
  "pdp_url": "https://sortiment.lidl.ch/de/peperoni-rot-0082615",
  "product_description": "Artikelnr.: 82615",
  "producthierarchy_level1": "Sortiment",
  "producthierarchy_level2": "Sortiment",
  "producthierarchy_level3": "Peperoni rot",
  "producthierarchy_level4": "",
  "producthierarchy_level5": "",
  "producthierarchy_level6": "",
  "producthierarchy_level7": "",
  "currency": "Swiss franc",
  "file_name_1": "82615_1.jpg",
  "image_url_1": "https://sortiment.lidl.ch/media/catalog/product/cache/38c728e59b3a47950872534eff8a1e63/8/2/82615_OGFG.jpg"
},
{
  "_id": {
    "$oid": "66f3ab6cd23ade1eec56010b"
  },
  "unique_id": "82586",
  "product_name": "Peperoni Mix 500g",
  "brand": "",
  "regular_price": 1.29,
  "selling_price": 1.29,
  "price_per_unit": "pro 500g | 1Kg = 2.58 CHF",
  "breadcrumb": "Sortiment > Sortiment > Peperoni Mix 500g",
  "pdp_url": "https://sortiment.lidl.ch/de/peperoni-mix-500g-0082586",
  "product_description": "Artikelnr.: 82586",
  "producthierarchy_level1": "Sortiment",
  "producthierarchy_level2": "Sortiment",
  "producthierarchy_level3": "Peperoni Mix 500g",
  "producthierarchy_level4": "",
  "producthierarchy_level5": "",
  "producthierarchy_level6": "",
  "producthierarchy_level7": "",
  "currency": "Swiss franc",
  "file_name_1": "82586_1.jpg",
  "image_url_1": "https://sortiment.lidl.ch/media/catalog/product/cache/38c728e59b3a47950872534eff8a1e63/8/2/82586_OGFG.jpg"
},
{
  "_id": {
    "$oid": "66f3ab6dd23ade1eec56010c"
  },
  "unique_id": "82541",
  "product_name": "Spitzpeperoni gelb 500g",
  "brand": "",
  "regular_price": 1.59,
  "selling_price": 1.59,
  "price_per_unit": "pro 500g | 1Kg = 3.18 CHF",
  "breadcrumb": "Sortiment > Sortiment > Spitzpeperoni gelb 500g",
  "pdp_url": "https://sortiment.lidl.ch/de/spitzpeperoni-gelb-500g-0082541",
  "product_description": "Artikelnr.: 82541",
  "producthierarchy_level1": "Sortiment",
  "producthierarchy_level2": "Sortiment",
  "producthierarchy_level3": "Spitzpeperoni gelb 500g",
  "producthierarchy_level4": "",
  "producthierarchy_level5": "",
  "producthierarchy_level6": "",
  "producthierarchy_level7": "",
  "currency": "Swiss franc",
  "file_name_1": "82541_1.jpg",
  "image_url_1": "https://sortiment.lidl.ch/media/catalog/product/cache/38c728e59b3a47950872534eff8a1e63/8/2/82541_Plastikreduktion_Nachher_OGFG.jpg"
},
{
  "_id": {
    "$oid": "66f3ab6ed23ade1eec56010d"
  },
  "unique_id": "47421",
  "product_name": "Pro Vitamin Spülung",
  "brand": "Cien",
  "regular_price": 1.69,
  "selling_price": 1.69,
  "price_per_unit": "pro 300ml | 100ML = 0.57 CHF",
  "breadcrumb": "Sortiment > Sortiment > Pro Vitamin Spülung",
  "pdp_url": "https://sortiment.lidl.ch/de/pro-vitamin-spuelung-0047421",
  "product_description": "Artikelnr.: 47421",
  "producthierarchy_level1": "Sortiment",
  "producthierarchy_level2": "Sortiment",
  "producthierarchy_level3": "Pro Vitamin Spülung",
  "producthierarchy_level4": "",
  "producthierarchy_level5": "",
  "producthierarchy_level6": "",
  "producthierarchy_level7": "",
  "currency": "Swiss franc",
  "file_name_1": "47421_1.jpg",
  "image_url_1": "https://sortiment.lidl.ch/media/catalog/product/cache/38c728e59b3a47950872534eff8a1e63/4/7/47421_s01_PSXX.jpg",
  "file_name_2": "47421_2.jpg",
  "image_url_2": "https://sortiment.lidl.ch/media/catalog/product/cache/38c728e59b3a47950872534eff8a1e63/4/7/47421_s02_PSXX.jpg",
  "file_name_3": "47421_3.jpg",
  "image_url_3": "https://sortiment.lidl.ch/media/catalog/product/cache/38c728e59b3a47950872534eff8a1e63/4/7/47421_s03_PSXX.jpg"
},
{
  "_id": {
    "$oid": "66f3ab6fd23ade1eec56010e"
  },
  "unique_id": "92854",
  "product_name": "Professional Spülung",
  "brand": "Cien",
  "regular_price": 1.49,
  "selling_price": 1.49,
  "price_per_unit": "pro 200ml | 100ML = 0.75 CHF",
  "breadcrumb": "Sortiment > Sortiment > Professional Spülung",
  "pdp_url": "https://sortiment.lidl.ch/de/professional-spuelung-0092854",
  "product_description": "Artikelnr.: 92854",
  "producthierarchy_level1": "Sortiment",
  "producthierarchy_level2": "Sortiment",
  "producthierarchy_level3": "Professional Spülung",
  "producthierarchy_level4": "",
  "producthierarchy_level5": "",
  "producthierarchy_level6": "",
  "producthierarchy_level7": "",
  "currency": "Swiss franc",
  "file_name_1": "92854_1.jpg",
  "image_url_1": "https://sortiment.lidl.ch/media/catalog/product/cache/38c728e59b3a47950872534eff8a1e63/9/2/92854_MacadamiaOil_PSXX.jpg",
  "file_name_2": "92854_2.jpg",
  "image_url_2": "https://sortiment.lidl.ch/media/catalog/product/cache/38c728e59b3a47950872534eff8a1e63/9/2/92854_RepairStrengtheningFormula_PSXX.jpg",
  "file_name_3": "92854_3.jpg",
  "image_url_3": "https://sortiment.lidl.ch/media/catalog/product/cache/38c728e59b3a47950872534eff8a1e63/9/2/92854_s01_PSXX.jpg",
  "file_name_4": "92854_4.jpg",
  "image_url_4": "https://sortiment.lidl.ch/media/catalog/product/cache/38c728e59b3a47950872534eff8a1e63/9/2/92854_s02_PSXX_1.jpg"
},
{
  "_id": {
    "$oid": "66f3ab70d23ade1eec56010f"
  },
  "unique_id": "88436",
  "product_name": "Anti-Schuppen Shampoo",
  "brand": "Cien",
  "regular_price": 1.29,
  "selling_price": 1.29,
  "price_per_unit": "pro 300ml | 100ML = 0.43 CHF",
  "breadcrumb": "Sortiment > Sortiment > Anti-Schuppen Shampoo",
  "pdp_url": "https://sortiment.lidl.ch/de/anti-schuppen-shampoo-0088436",
  "product_description": "Artikelnr.: 88436",
  "producthierarchy_level1": "Sortiment",
  "producthierarchy_level2": "Sortiment",
  "producthierarchy_level3": "Anti-Schuppen Shampoo",
  "producthierarchy_level4": "",
  "producthierarchy_level5": "",
  "producthierarchy_level6": "",
  "producthierarchy_level7": "",
  "currency": "Swiss franc",
  "file_name_1": "88436_1.jpg",
  "image_url_1": "https://sortiment.lidl.ch/media/catalog/product/cache/38c728e59b3a47950872534eff8a1e63/8/8/88436_Apple_PSXX_1.jpg",
  "file_name_2": "88436_2.jpg",
  "image_url_2": "https://sortiment.lidl.ch/media/catalog/product/cache/38c728e59b3a47950872534eff8a1e63/8/8/88436_Classic_PSXX.jpg",
  "file_name_3": "88436_3.jpg",
  "image_url_3": "https://sortiment.lidl.ch/media/catalog/product/cache/38c728e59b3a47950872534eff8a1e63/8/8/88436_Lemon_PSXX_1.jpg",
  "file_name_4": "88436_4.jpg",
  "image_url_4": "https://sortiment.lidl.ch/media/catalog/product/cache/38c728e59b3a47950872534eff8a1e63/8/8/88436_s01_PSXX.jpg",
  "file_name_5": "88436_5.jpg",
  "image_url_5": "https://sortiment.lidl.ch/media/catalog/product/cache/38c728e59b3a47950872534eff8a1e63/8/8/88436_s02_PSXX_1.jpg",
  "file_name_6": "88436_6.jpg",
  "image_url_6": "https://sortiment.lidl.ch/media/catalog/product/cache/38c728e59b3a47950872534eff8a1e63/8/8/88436_s03_PSXX_1.jpg"
},
{
  "_id": {
    "$oid": "66f3ab71d23ade1eec560110"
  },
  "unique_id": "47570",
  "product_name": "Pro Vitamin Shampoo",
  "brand": "Cien",
  "regular_price": 1.69,
  "selling_price": 1.69,
  "price_per_unit": "pro 300ml | 100ML = 0.57 CHF",
  "breadcrumb": "Sortiment > Sortiment > Pro Vitamin Shampoo",
  "pdp_url": "https://sortiment.lidl.ch/de/pro-vitamin-shampoo-0047570",
  "product_description": "Artikelnr.: 47570",
  "producthierarchy_level1": "Sortiment",
  "producthierarchy_level2": "Sortiment",
  "producthierarchy_level3": "Pro Vitamin Shampoo",
  "producthierarchy_level4": "",
  "producthierarchy_level5": "",
  "producthierarchy_level6": "",
  "producthierarchy_level7": "",
  "currency": "Swiss franc",
  "file_name_1": "47570_1.jpg",
  "image_url_1": "https://sortiment.lidl.ch/media/catalog/product/cache/38c728e59b3a47950872534eff8a1e63/4/7/47570_PSXX_1.jpg",
  "file_name_2": "47570_2.jpg",
  "image_url_2": "https://sortiment.lidl.ch/media/catalog/product/cache/38c728e59b3a47950872534eff8a1e63/4/7/47570_s01_PSXX.jpg",
  "file_name_3": "47570_3.jpg",
  "image_url_3": "https://sortiment.lidl.ch/media/catalog/product/cache/38c728e59b3a47950872534eff8a1e63/4/7/47570_s02_PSXX.jpg",
  "file_name_4": "47570_4.jpg",
  "image_url_4": "https://sortiment.lidl.ch/media/catalog/product/cache/38c728e59b3a47950872534eff8a1e63/4/7/47570_s03_PSXX.jpg"
},
{
  "_id": {
    "$oid": "66f3ab72d23ade1eec560111"
  },
  "unique_id": "31138",
  "product_name": "Haarspray",
  "brand": "Cien",
  "regular_price": 2.89,
  "selling_price": 2.89,
  "price_per_unit": "pro 400ml | 100ML = 0.73 CHF",
  "breadcrumb": "Sortiment > Sortiment > Haarspray",
  "pdp_url": "https://sortiment.lidl.ch/de/haarspray-0031138",
  "product_description": "Artikelnr.: 31138",
  "producthierarchy_level1": "Sortiment",
  "producthierarchy_level2": "Sortiment",
  "producthierarchy_level3": "Haarspray",
  "producthierarchy_level4": "",
  "producthierarchy_level5": "",
  "producthierarchy_level6": "",
  "producthierarchy_level7": "",
  "currency": "Swiss franc",
  "file_name_1": "31138_1.jpg",
  "image_url_1": "https://sortiment.lidl.ch/media/catalog/product/cache/38c728e59b3a47950872534eff8a1e63/3/1/31138_Classic_PSXX.jpg",
  "file_name_2": "31138_2.jpg",
  "image_url_2": "https://sortiment.lidl.ch/media/catalog/product/cache/38c728e59b3a47950872534eff8a1e63/3/1/31138_Power_PSXX.jpg",
  "file_name_3": "31138_3.jpg",
  "image_url_3": "https://sortiment.lidl.ch/media/catalog/product/cache/38c728e59b3a47950872534eff8a1e63/3/1/31138_Volume_PSXX.jpg"
},
{
  "_id": {
    "$oid": "66f3ab74d23ade1eec560112"
  },
  "unique_id": "27069",
  "product_name": "Haargel",
  "brand": "Cien",
  "regular_price": 1.89,
  "selling_price": 1.89,
  "price_per_unit": "pro 150ml | 1L = 12.60 CHF",
  "breadcrumb": "Sortiment > Sortiment > Haargel",
  "pdp_url": "https://sortiment.lidl.ch/de/haargel-0027069",
  "product_description": "Artikelnr.: 27069",
  "producthierarchy_level1": "Sortiment",
  "producthierarchy_level2": "Sortiment",
  "producthierarchy_level3": "Haargel",
  "producthierarchy_level4": "",
  "producthierarchy_level5": "",
  "producthierarchy_level6": "",
  "producthierarchy_level7": "",
  "currency": "Swiss franc",
  "file_name_1": "27069_1.jpg",
  "image_url_1": "https://sortiment.lidl.ch/media/catalog/product/cache/38c728e59b3a47950872534eff8a1e63/2/7/27069_Extreme_PSXX.jpg",
  "file_name_2": "27069_2.jpg",
  "image_url_2": "https://sortiment.lidl.ch/media/catalog/product/cache/38c728e59b3a47950872534eff8a1e63/2/7/27069_MegaHold_PSXX.jpg",
  "file_name_3": "27069_3.jpg",
  "image_url_3": "https://sortiment.lidl.ch/media/catalog/product/cache/38c728e59b3a47950872534eff8a1e63/2/7/27069_s01_PSXX.jpg",
  "file_name_4": "27069_4.jpg",
  "image_url_4": "https://sortiment.lidl.ch/media/catalog/product/cache/38c728e59b3a47950872534eff8a1e63/2/7/27069_s02_PSXX_1.jpg"
},
{
  "_id": {
    "$oid": "66f3ab75d23ade1eec560113"
  },
  "unique_id": "92853",
  "product_name": "Professional Shampoo",
  "brand": "Cien",
  "regular_price": 1.89,
  "selling_price": 1.89,
  "price_per_unit": "pro 250ml | 100ML = 0.76 CHF",
  "breadcrumb": "Sortiment > Sortiment > Professional Shampoo",
  "pdp_url": "https://sortiment.lidl.ch/de/professional-shampoo-0092853",
  "product_description": "Artikelnr.: 92853",
  "producthierarchy_level1": "Sortiment",
  "producthierarchy_level2": "Sortiment",
  "producthierarchy_level3": "Professional Shampoo",
  "producthierarchy_level4": "",
  "producthierarchy_level5": "",
  "producthierarchy_level6": "",
  "producthierarchy_level7": "",
  "currency": "Swiss franc",
  "file_name_1": "92853_1.jpg",
  "image_url_1": "https://sortiment.lidl.ch/media/catalog/product/cache/38c728e59b3a47950872534eff8a1e63/9/2/92853_PSXX.jpg"
},
{
  "_id": {
    "$oid": "66f3ab76d23ade1eec560114"
  },
  "unique_id": "31111",
  "product_name": "Tag für Tag Shampoo",
  "brand": "Cien",
  "regular_price": 0.75,
  "selling_price": 0.75,
  "price_per_unit": "pro 500ml | 100ML = 0.15 CHF",
  "breadcrumb": "Sortiment > Sortiment > Tag für Tag Shampoo",
  "pdp_url": "https://sortiment.lidl.ch/de/tag-fuer-tag-shampoo-0031111",
  "product_description": "Artikelnr.: 31111",
  "producthierarchy_level1": "Sortiment",
  "producthierarchy_level2": "Sortiment",
  "producthierarchy_level3": "Tag für Tag Shampoo",
  "producthierarchy_level4": "",
  "producthierarchy_level5": "",
  "producthierarchy_level6": "",
  "producthierarchy_level7": "",
  "currency": "Swiss franc",
  "file_name_1": "31111_1.jpg",
  "image_url_1": "https://sortiment.lidl.ch/media/catalog/product/cache/38c728e59b3a47950872534eff8a1e63/3/1/31111_7Herbs_PSXX.jpg",
  "file_name_2": "31111_2.jpg",
  "image_url_2": "https://sortiment.lidl.ch/media/catalog/product/cache/38c728e59b3a47950872534eff8a1e63/3/1/31111_ForMen_PSXX.jpg",
  "file_name_3": "31111_3.jpg",
  "image_url_3": "https://sortiment.lidl.ch/media/catalog/product/cache/38c728e59b3a47950872534eff8a1e63/3/1/31111_FruitundVitamin_PSXX.jpg",
  "file_name_4": "31111_4.jpg",
  "image_url_4": "https://sortiment.lidl.ch/media/catalog/product/cache/38c728e59b3a47950872534eff8a1e63/3/1/31111_s01_PSXX.jpg",
  "file_name_5": "31111_5.jpg",
  "image_url_5": "https://sortiment.lidl.ch/media/catalog/product/cache/38c728e59b3a47950872534eff8a1e63/3/1/31111_s02_PSXX_1.jpg",
  "file_name_6": "31111_6.jpg",
  "image_url_6": "https://sortiment.lidl.ch/media/catalog/product/cache/38c728e59b3a47950872534eff8a1e63/3/1/31111_s03_PSXX_1.jpg"
},
{
  "_id": {
    "$oid": "66f3ab77d23ade1eec560115"
  },
  "unique_id": "5702733",
  "product_name": "Arganöl Elixier",
  "brand": "Cien",
  "regular_price": 4.95,
  "selling_price": 4.95,
  "price_per_unit": "pro 100ml",
  "breadcrumb": "Sortiment > Sortiment > Arganöl Elixier",
  "pdp_url": "https://sortiment.lidl.ch/de/arganoel-elixier-5702733",
  "product_description": "Artikelnr.: 5702733",
  "producthierarchy_level1": "Sortiment",
  "producthierarchy_level2": "Sortiment",
  "producthierarchy_level3": "Arganöl Elixier",
  "producthierarchy_level4": "",
  "producthierarchy_level5": "",
  "producthierarchy_level6": "",
  "producthierarchy_level7": "",
  "currency": "Swiss franc",
  "file_name_1": "5702733_1.jpg",
  "image_url_1": "https://sortiment.lidl.ch/media/catalog/product/cache/38c728e59b3a47950872534eff8a1e63/5/7/5702733_PSXX.jpg"
},
{
  "_id": {
    "$oid": "66f3ab78d23ade1eec560116"
  },
  "unique_id": "98722",
  "product_name": "Gesichtsmasken",
  "brand": "Cien Nature",
  "regular_price": 0.99,
  "selling_price": 0.99,
  "price_per_unit": "pro Stück | 100ML = 6.19 CHF",
  "breadcrumb": "Sortiment > Sortiment > Gesichtsmasken",
  "pdp_url": "https://sortiment.lidl.ch/de/gesichtsmasken-0098722",
  "product_description": "Artikelnr.: 98722",
  "producthierarchy_level1": "Sortiment",
  "producthierarchy_level2": "Sortiment",
  "producthierarchy_level3": "Gesichtsmasken",
  "producthierarchy_level4": "",
  "producthierarchy_level5": "",
  "producthierarchy_level6": "",
  "producthierarchy_level7": "",
  "currency": "Swiss franc",
  "file_name_1": "98722_1.jpg",
  "image_url_1": "https://sortiment.lidl.ch/media/catalog/product/cache/38c728e59b3a47950872534eff8a1e63/9/8/98722_Aqua_PSXX_1.jpg",
  "file_name_2": "98722_2.jpg",
  "image_url_2": "https://sortiment.lidl.ch/media/catalog/product/cache/38c728e59b3a47950872534eff8a1e63/9/8/98722_Charcoal_PSXX_1.jpg",
  "file_name_3": "98722_3.jpg",
  "image_url_3": "https://sortiment.lidl.ch/media/catalog/product/cache/38c728e59b3a47950872534eff8a1e63/9/8/98722_Pure_PSXX_1.jpg",
  "file_name_4": "98722_4.jpg",
  "image_url_4": "https://sortiment.lidl.ch/media/catalog/product/cache/38c728e59b3a47950872534eff8a1e63/9/8/98722_Q10_PSXX_1.jpg",
  "file_name_5": "98722_5.jpg",
  "image_url_5": "https://sortiment.lidl.ch/media/catalog/product/cache/38c728e59b3a47950872534eff8a1e63/9/8/98722_Vital_PSXX_1.jpg"
},
{
  "_id": {
    "$oid": "66f3ab79d23ade1eec560117"
  },
  "unique_id": "51058",
  "product_name": "Gesichts-Pflegecreme",
  "brand": "Cien",
  "regular_price": 2.89,
  "selling_price": 2.89,
  "price_per_unit": "pro 50ml | 100ML = 5.78 CHF",
  "breadcrumb": "Sortiment > Sortiment > Gesichts-Pflegecreme",
  "pdp_url": "https://sortiment.lidl.ch/de/gesichts-pflegecreme-0051058",
  "product_description": "Artikelnr.: 51058",
  "producthierarchy_level1": "Sortiment",
  "producthierarchy_level2": "Sortiment",
  "producthierarchy_level3": "Gesichts-Pflegecreme",
  "producthierarchy_level4": "",
  "producthierarchy_level5": "",
  "producthierarchy_level6": "",
  "producthierarchy_level7": "",
  "currency": "Swiss franc",
  "file_name_1": "51058_1.jpg",
  "image_url_1": "https://sortiment.lidl.ch/media/catalog/product/cache/38c728e59b3a47950872534eff8a1e63/5/1/51058_Refreshing_PSXX.jpg",
  "file_name_2": "51058_2.jpg",
  "image_url_2": "https://sortiment.lidl.ch/media/catalog/product/cache/38c728e59b3a47950872534eff8a1e63/5/1/51058_Sensitive_PSXX.jpg"
},
{
  "_id": {
    "$oid": "66f3ab7ad23ade1eec560118"
  },
  "unique_id": "39996",
  "product_name": "Hautpflege-Creme",
  "brand": "Cien Bodycare",
  "regular_price": 1.95,
  "selling_price": 1.95,
  "price_per_unit": "pro 250ml | 100ML = 0.78 CHF",
  "breadcrumb": "Sortiment > Sortiment > Hautpflege-Creme",
  "pdp_url": "https://sortiment.lidl.ch/de/hautpflege-creme-0039996",
  "product_description": "Artikelnr.: 39996",
  "producthierarchy_level1": "Sortiment",
  "producthierarchy_level2": "Sortiment",
  "producthierarchy_level3": "Hautpflege-Creme",
  "producthierarchy_level4": "",
  "producthierarchy_level5": "",
  "producthierarchy_level6": "",
  "producthierarchy_level7": "",
  "currency": "Swiss franc",
  "file_name_1": "39996_1.jpg",
  "image_url_1": "https://sortiment.lidl.ch/media/catalog/product/cache/38c728e59b3a47950872534eff8a1e63/3/9/39996_GrapeseedOilundSheaButter_PSXX.jpg",
  "file_name_2": "39996_2.jpg",
  "image_url_2": "https://sortiment.lidl.ch/media/catalog/product/cache/38c728e59b3a47950872534eff8a1e63/3/9/39996_JojobaOilundSheaButter_PSXX.jpg",
  "file_name_3": "39996_3.jpg",
  "image_url_3": "https://sortiment.lidl.ch/media/catalog/product/cache/38c728e59b3a47950872534eff8a1e63/3/9/39996_s01_PSXX.jpg",
  "file_name_4": "39996_4.jpg",
  "image_url_4": "https://sortiment.lidl.ch/media/catalog/product/cache/38c728e59b3a47950872534eff8a1e63/3/9/39996_s02_PSXX_1.jpg"
},
{
  "_id": {
    "$oid": "66f3ab7bd23ade1eec560119"
  },
  "unique_id": "32440",
  "product_name": "Lippenpflege-Stift",
  "brand": "Cien",
  "regular_price": 1.79,
  "selling_price": 1.79,
  "price_per_unit": "pro 3 Stück | 1 Stk = 0.60 CHF",
  "breadcrumb": "Sortiment > Sortiment > Lippenpflege-Stift",
  "pdp_url": "https://sortiment.lidl.ch/de/lippenpflege-stift-0032440",
  "product_description": "Artikelnr.: 32440",
  "producthierarchy_level1": "Sortiment",
  "producthierarchy_level2": "Sortiment",
  "producthierarchy_level3": "Lippenpflege-Stift",
  "producthierarchy_level4": "",
  "producthierarchy_level5": "",
  "producthierarchy_level6": "",
  "producthierarchy_level7": "",
  "currency": "Swiss franc",
  "file_name_1": "32440_1.jpg",
  "image_url_1": "https://sortiment.lidl.ch/media/catalog/product/cache/38c728e59b3a47950872534eff8a1e63/3/2/32440_Classic_PSXX.jpg",
  "file_name_2": "32440_2.jpg",
  "image_url_2": "https://sortiment.lidl.ch/media/catalog/product/cache/38c728e59b3a47950872534eff8a1e63/3/2/32440_Rose_PSXX.jpg",
  "file_name_3": "32440_3.jpg",
  "image_url_3": "https://sortiment.lidl.ch/media/catalog/product/cache/38c728e59b3a47950872534eff8a1e63/3/2/32440_Sensitive_PSXX.jpg"
},
{
  "_id": {
    "$oid": "66f3ab7cd23ade1eec56011a"
  },
  "unique_id": "98716",
  "product_name": "Bodylotion",
  "brand": "Cien",
  "regular_price": 2.99,
  "selling_price": 2.99,
  "price_per_unit": "pro 400ml | 1L = 7.48 CHF",
  "breadcrumb": "Sortiment > Sortiment > Bodylotion",
  "pdp_url": "https://sortiment.lidl.ch/de/bodylotion-0098716",
  "product_description": "Artikelnr.: 98716",
  "producthierarchy_level1": "Sortiment",
  "producthierarchy_level2": "Sortiment",
  "producthierarchy_level3": "Bodylotion",
  "producthierarchy_level4": "",
  "producthierarchy_level5": "",
  "producthierarchy_level6": "",
  "producthierarchy_level7": "",
  "currency": "Swiss franc",
  "file_name_1": "98716_1.jpg",
  "image_url_1": "https://sortiment.lidl.ch/media/catalog/product/cache/38c728e59b3a47950872534eff8a1e63/9/8/98716_PSXX.jpg",
  "file_name_2": "98716_2.jpg",
  "image_url_2": "https://sortiment.lidl.ch/media/catalog/product/cache/38c728e59b3a47950872534eff8a1e63/9/8/98716_Q10NormalSkin_PSXX.jpg",
  "file_name_3": "98716_3.jpg",
  "image_url_3": "https://sortiment.lidl.ch/media/catalog/product/cache/38c728e59b3a47950872534eff8a1e63/9/8/98716_Urea10DryandSensitiveSkin_PSXX.jpg",
  "file_name_4": "98716_4.jpg",
  "image_url_4": "https://sortiment.lidl.ch/media/catalog/product/cache/38c728e59b3a47950872534eff8a1e63/9/8/98716_VitalAgingSkin_PSXX.jpg"
},
{
  "_id": {
    "$oid": "66f3ab7dd23ade1eec56011b"
  },
  "unique_id": "67420",
  "product_name": "Waschgel / Waschpeeling",
  "brand": "Cien",
  "regular_price": 1.49,
  "selling_price": 1.49,
  "price_per_unit": "pro 150ml | 100ML = 1.00 CHF",
  "breadcrumb": "Sortiment > Sortiment > Waschgel / Waschpeeling",
  "pdp_url": "https://sortiment.lidl.ch/de/waschgel-waschpeeling-0067420",
  "product_description": "Artikelnr.: 67420",
  "producthierarchy_level1": "Sortiment",
  "producthierarchy_level2": "Sortiment",
  "producthierarchy_level3": "Waschgel / Waschpeeling",
  "producthierarchy_level4": "",
  "producthierarchy_level5": "",
  "producthierarchy_level6": "",
  "producthierarchy_level7": "",
  "currency": "Swiss franc",
  "file_name_1": "67420_1.jpg",
  "image_url_1": "https://sortiment.lidl.ch/media/amasty/amoptmobile/catalog/product/cache/38c728e59b3a47950872534eff8a1e63/6/7/67420_Waschgel_PSXX.jpg",
  "file_name_2": "67420_2.jpg",
  "image_url_2": "https://sortiment.lidl.ch/media/catalog/product/cache/38c728e59b3a47950872534eff8a1e63/6/7/67420_Waschpeeling_PSXX.jpg"
},
{
  "_id": {
    "$oid": "66f3ab7ed23ade1eec56011c"
  },
  "unique_id": "40001",
  "product_name": "Augenkonturen-Cremes",
  "brand": "Cien",
  "regular_price": 3.95,
  "selling_price": 3.95,
  "price_per_unit": "pro 15ml | 100ML = 26.34 CHF",
  "breadcrumb": "Sortiment > Sortiment > Augenkonturen-Cremes",
  "pdp_url": "https://sortiment.lidl.ch/de/augenkonturen-cremes-0040001",
  "product_description": "Artikelnr.: 40001",
  "producthierarchy_level1": "Sortiment",
  "producthierarchy_level2": "Sortiment",
  "producthierarchy_level3": "Augenkonturen-Cremes",
  "producthierarchy_level4": "",
  "producthierarchy_level5": "",
  "producthierarchy_level6": "",
  "producthierarchy_level7": "",
  "currency": "Swiss franc",
  "file_name_1": "40001_1.jpg",
  "image_url_1": "https://sortiment.lidl.ch/media/catalog/product/cache/38c728e59b3a47950872534eff8a1e63/4/0/40001_Q10_PSXX_1.jpg",
  "file_name_2": "40001_2.jpg",
  "image_url_2": "https://sortiment.lidl.ch/media/catalog/product/cache/38c728e59b3a47950872534eff8a1e63/4/0/40001_Vitality_PSXX_1.jpg"
},
{
  "_id": {
    "$oid": "66f3ab7fd23ade1eec56011d"
  },
  "unique_id": "1656",
  "product_name": "Bebe Young Care Reinigungs-Tücher",
  "brand": "Bebe Young Care",
  "regular_price": 4.49,
  "selling_price": 4.49,
  "price_per_unit": "pro 25 Stück | 1 Stk = 0.18 CHF",
  "breadcrumb": "Sortiment > Sortiment > Bebe Young Care Reinigungs-Tücher",
  "pdp_url": "https://sortiment.lidl.ch/de/bebe-young-care-reinigungs-tuecher-0001656",
  "product_description": "Artikelnr.: 1656",
  "producthierarchy_level1": "Sortiment",
  "producthierarchy_level2": "Sortiment",
  "producthierarchy_level3": "Bebe Young Care Reinigungs-Tücher",
  "producthierarchy_level4": "",
  "producthierarchy_level5": "",
  "producthierarchy_level6": "",
  "producthierarchy_level7": "",
  "currency": "Swiss franc",
  "file_name_1": "1656_1.jpg",
  "image_url_1": "https://sortiment.lidl.ch/media/catalog/product/cache/38c728e59b3a47950872534eff8a1e63/1/6/1656_Frischgemacht_PSXX.jpg",
  "file_name_2": "1656_2.jpg",
  "image_url_2": "https://sortiment.lidl.ch/media/catalog/product/cache/38c728e59b3a47950872534eff8a1e63/1/6/1656_Weichgepflegt_PSXX.jpg"
},
{
  "_id": {
    "$oid": "66f3ab81d23ade1eec56011e"
  },
  "unique_id": "65975",
  "product_name": "Nagellack-Entferner",
  "brand": "Cien",
  "regular_price": 2.39,
  "selling_price": 2.39,
  "price_per_unit": "pro 200ml | 100ML = 1.20 CHF",
  "breadcrumb": "Sortiment > Sortiment > Nagellack-Entferner",
  "pdp_url": "https://sortiment.lidl.ch/de/nagellack-entferner-0065975",
  "product_description": "Artikelnr.: 65975",
  "producthierarchy_level1": "Sortiment",
  "producthierarchy_level2": "Sortiment",
  "producthierarchy_level3": "Nagellack-Entferner",
  "producthierarchy_level4": "",
  "producthierarchy_level5": "",
  "producthierarchy_level6": "",
  "producthierarchy_level7": "",
  "currency": "Swiss franc",
  "file_name_1": "65975_1.jpg",
  "image_url_1": "https://sortiment.lidl.ch/media/catalog/product/cache/38c728e59b3a47950872534eff8a1e63/6/5/65975_s01_PSXX.jpg",
  "file_name_2": "65975_2.jpg",
  "image_url_2": "https://sortiment.lidl.ch/media/catalog/product/cache/38c728e59b3a47950872534eff8a1e63/6/5/65975_s02_PSXX.jpg"
},
{
  "_id": {
    "$oid": "66f3ab82d23ade1eec56011f"
  },
  "unique_id": "98905",
  "product_name": "Vital Gesichtscreme",
  "brand": "Cien",
  "regular_price": 4.49,
  "selling_price": 4.49,
  "price_per_unit": "pro 50ml | 100ML = 8.98 CHF",
  "breadcrumb": "Sortiment > Sortiment > Vital Gesichtscreme",
  "pdp_url": "https://sortiment.lidl.ch/de/vital-gesichtscreme-0098905",
  "product_description": "Artikelnr.: 98905",
  "producthierarchy_level1": "Sortiment",
  "producthierarchy_level2": "Sortiment",
  "producthierarchy_level3": "Vital Gesichtscreme",
  "producthierarchy_level4": "",
  "producthierarchy_level5": "",
  "producthierarchy_level6": "",
  "producthierarchy_level7": "",
  "currency": "Swiss franc",
  "file_name_1": "98905_1.jpg",
  "image_url_1": "https://sortiment.lidl.ch/media/catalog/product/cache/38c728e59b3a47950872534eff8a1e63/9/8/98905_Day_PSXX.jpg",
  "file_name_2": "98905_2.jpg",
  "image_url_2": "https://sortiment.lidl.ch/media/catalog/product/cache/38c728e59b3a47950872534eff8a1e63/9/8/98905_Night_PSXX.jpg"
},
{
  "_id": {
    "$oid": "66f3ab83d23ade1eec560120"
  },
  "unique_id": "51048",
  "product_name": "Nachtcreme Q10",
  "brand": "Cien",
  "regular_price": 3.95,
  "selling_price": 3.95,
  "price_per_unit": "pro 50ml | 100ML = 7.90 CHF",
  "breadcrumb": "Sortiment > Sortiment > Nachtcreme Q10",
  "pdp_url": "https://sortiment.lidl.ch/de/nachtcreme-q10-0051048",
  "product_description": "Artikelnr.: 51048",
  "producthierarchy_level1": "Sortiment",
  "producthierarchy_level2": "Sortiment",
  "producthierarchy_level3": "Nachtcreme Q10",
  "producthierarchy_level4": "",
  "producthierarchy_level5": "",
  "producthierarchy_level6": "",
  "producthierarchy_level7": "",
  "currency": "Swiss franc",
  "file_name_1": "51048_1.jpg",
  "image_url_1": "https://sortiment.lidl.ch/media/catalog/product/cache/38c728e59b3a47950872534eff8a1e63/5/1/51048_PSXX_1.jpg"
},
{
  "_id": {
    "$oid": "66f3ab84d23ade1eec560121"
  },
  "unique_id": "51047",
  "product_name": "Tagescreme Q10",
  "brand": "Cien",
  "regular_price": 3.95,
  "selling_price": 3.95,
  "price_per_unit": "pro 50ml | 100ML = 7.90 CHF",
  "breadcrumb": "Sortiment > Sortiment > Tagescreme Q10",
  "pdp_url": "https://sortiment.lidl.ch/de/tagescreme-q10-0051047",
  "product_description": "Artikelnr.: 51047",
  "producthierarchy_level1": "Sortiment",
  "producthierarchy_level2": "Sortiment",
  "producthierarchy_level3": "Tagescreme Q10",
  "producthierarchy_level4": "",
  "producthierarchy_level5": "",
  "producthierarchy_level6": "",
  "producthierarchy_level7": "",
  "currency": "Swiss franc",
  "file_name_1": "51047_1.jpg",
  "image_url_1": "https://sortiment.lidl.ch/media/catalog/product/cache/38c728e59b3a47950872534eff8a1e63/5/1/51047_PSXX.jpg"
},
{
  "_id": {
    "$oid": "66f3ab85d23ade1eec560122"
  },
  "unique_id": "138047",
  "product_name": "Duschcreme",
  "brand": "Cien",
  "regular_price": 0.99,
  "selling_price": 0.99,
  "price_per_unit": "pro 300ml | 100ML = 0.33 CHF",
  "breadcrumb": "Sortiment > Sortiment > Duschcreme",
  "pdp_url": "https://sortiment.lidl.ch/de/duschcreme-0138047",
  "product_description": "Artikelnr.: 138047",
  "producthierarchy_level1": "Sortiment",
  "producthierarchy_level2": "Sortiment",
  "producthierarchy_level3": "Duschcreme",
  "producthierarchy_level4": "",
  "producthierarchy_level5": "",
  "producthierarchy_level6": "",
  "producthierarchy_level7": "",
  "currency": "Swiss franc",
  "file_name_1": "138047_1.jpg",
  "image_url_1": "https://sortiment.lidl.ch/media/catalog/product/cache/38c728e59b3a47950872534eff8a1e63/1/3/138047_AlmondOil_PSXX.jpg",
  "file_name_2": "138047_2.jpg",
  "image_url_2": "https://sortiment.lidl.ch/media/catalog/product/cache/38c728e59b3a47950872534eff8a1e63/1/3/138047_CocoaButter_PSXX.jpg",
  "file_name_3": "138047_3.jpg",
  "image_url_3": "https://sortiment.lidl.ch/media/catalog/product/cache/38c728e59b3a47950872534eff8a1e63/1/3/138047_LotusFlowerFragrance_PSXX.jpg",
  "file_name_4": "138047_4.jpg",
  "image_url_4": "https://sortiment.lidl.ch/media/catalog/product/cache/38c728e59b3a47950872534eff8a1e63/1/3/138047_PSXX_1.jpg"
},
{
  "_id": {
    "$oid": "66f3ab86d23ade1eec560123"
  },
  "unique_id": "2464",
  "product_name": "Dove Duschgel",
  "brand": "Dove",
  "regular_price": 3.29,
  "selling_price": 3.29,
  "price_per_unit": "pro 250ml | 100ML = 1.32 CHF",
  "breadcrumb": "Sortiment > Sortiment > Dove Duschgel",
  "pdp_url": "https://sortiment.lidl.ch/de/dove-duschgel-0002464",
  "product_description": "Artikelnr.: 2464",
  "producthierarchy_level1": "Sortiment",
  "producthierarchy_level2": "Sortiment",
  "producthierarchy_level3": "Dove Duschgel",
  "producthierarchy_level4": "",
  "producthierarchy_level5": "",
  "producthierarchy_level6": "",
  "producthierarchy_level7": "",
  "currency": "Swiss franc",
  "file_name_1": "2464_1.jpg",
  "image_url_1": "https://sortiment.lidl.ch/media/catalog/product/cache/38c728e59b3a47950872534eff8a1e63/2/4/2464_Cremedusche_PSXX.jpg",
  "file_name_2": "2464_2.jpg",
  "image_url_2": "https://sortiment.lidl.ch/media/catalog/product/cache/38c728e59b3a47950872534eff8a1e63/2/4/2464_Seidig_PSXX.jpg",
  "file_name_3": "2464_3.jpg",
  "image_url_3": "https://sortiment.lidl.ch/media/catalog/product/cache/38c728e59b3a47950872534eff8a1e63/2/4/2464_wohltuendesRitual_PSXX.jpg"
},
{
  "_id": {
    "$oid": "66f3ab87d23ade1eec560124"
  },
  "unique_id": "24736",
  "product_name": "Cremeseife Stück",
  "brand": "Cien",
  "regular_price": 0.95,
  "selling_price": 0.95,
  "price_per_unit": "pro 2x150g | 100g = 0.32 CHF",
  "breadcrumb": "Sortiment > Sortiment > Cremeseife Stück",
  "pdp_url": "https://sortiment.lidl.ch/de/cremeseife-stueck-0024736",
  "product_description": "Artikelnr.: 24736",
  "producthierarchy_level1": "Sortiment",
  "producthierarchy_level2": "Sortiment",
  "producthierarchy_level3": "Cremeseife Stück",
  "producthierarchy_level4": "",
  "producthierarchy_level5": "",
  "producthierarchy_level6": "",
  "producthierarchy_level7": "",
  "currency": "Swiss franc",
  "file_name_1": "24736_1.jpg",
  "image_url_1": "https://sortiment.lidl.ch/media/catalog/product/cache/38c728e59b3a47950872534eff8a1e63/2/4/24736_Maritime_PSXX_1.jpg",
  "file_name_2": "24736_2.jpg",
  "image_url_2": "https://sortiment.lidl.ch/media/catalog/product/cache/38c728e59b3a47950872534eff8a1e63/2/4/24736_MilkHoneyAlmondOil_PSXX_1.jpg",
  "file_name_3": "24736_3.jpg",
  "image_url_3": "https://sortiment.lidl.ch/media/catalog/product/cache/38c728e59b3a47950872534eff8a1e63/2/4/24736_NaturalOils_PSXX_1.jpg",
  "file_name_4": "24736_4.jpg",
  "image_url_4": "https://sortiment.lidl.ch/media/catalog/product/cache/38c728e59b3a47950872534eff8a1e63/2/4/24736_s01_PSXX.jpg",
  "file_name_5": "24736_5.jpg",
  "image_url_5": "https://sortiment.lidl.ch/media/catalog/product/cache/38c728e59b3a47950872534eff8a1e63/2/4/24736_s02_PSXX.jpg",
  "file_name_6": "24736_6.jpg",
  "image_url_6": "https://sortiment.lidl.ch/media/catalog/product/cache/38c728e59b3a47950872534eff8a1e63/2/4/24736_s03_PSXX.jpg"
},
{
  "_id": {
    "$oid": "66f3ab88d23ade1eec560125"
  },
  "unique_id": "2467",
  "product_name": "Axe Duschgel",
  "brand": "Axe",
  "regular_price": 5.19,
  "selling_price": 5.19,
  "price_per_unit": "pro 400ml | 100ML = 1.30 CHF",
  "breadcrumb": "Sortiment > Sortiment > Axe Duschgel",
  "pdp_url": "https://sortiment.lidl.ch/de/axe-duschgel-0002467",
  "product_description": "Artikelnr.: 2467",
  "producthierarchy_level1": "Sortiment",
  "producthierarchy_level2": "Sortiment",
  "producthierarchy_level3": "Axe Duschgel",
  "producthierarchy_level4": "",
  "producthierarchy_level5": "",
  "producthierarchy_level6": "",
  "producthierarchy_level7": "",
  "currency": "Swiss franc",
  "file_name_1": "2467_1.jpg",
  "image_url_1": "https://sortiment.lidl.ch/media/catalog/product/cache/38c728e59b3a47950872534eff8a1e63/2/4/2467_Africa_PSXX.jpg",
  "file_name_2": "2467_2.jpg",
  "image_url_2": "https://sortiment.lidl.ch/media/catalog/product/cache/38c728e59b3a47950872534eff8a1e63/2/4/2467_Black_PSXX.jpg",
  "file_name_3": "2467_3.jpg",
  "image_url_3": "https://sortiment.lidl.ch/media/catalog/product/cache/38c728e59b3a47950872534eff8a1e63/2/4/2467_Ice_Chill_PSXX.jpg",
  "file_name_4": "2467_4.jpg",
  "image_url_4": "https://sortiment.lidl.ch/media/catalog/product/cache/38c728e59b3a47950872534eff8a1e63/2/4/2467_Mojito_PSXX.jpg"
},
{
  "_id": {
    "$oid": "66f3ab8ad23ade1eec560126"
  },
  "unique_id": "138264",
  "product_name": "Zahnpflege",
  "brand": "Nevadent",
  "regular_price": 1.79,
  "selling_price": 1.79,
  "price_per_unit": "pro Stück",
  "breadcrumb": "Sortiment > Sortiment > Zahnpflege",
  "pdp_url": "https://sortiment.lidl.ch/de/zahnpflege-0138264",
  "product_description": "Artikelnr.: 138264",
  "producthierarchy_level1": "Sortiment",
  "producthierarchy_level2": "Sortiment",
  "producthierarchy_level3": "Zahnpflege",
  "producthierarchy_level4": "",
  "producthierarchy_level5": "",
  "producthierarchy_level6": "",
  "producthierarchy_level7": "",
  "currency": "Swiss franc",
  "file_name_1": "138264_1.jpg",
  "image_url_1": "https://sortiment.lidl.ch/media/catalog/product/cache/38c728e59b3a47950872534eff8a1e63/1/3/138264_Zahntape_PSXX.jpg",
  "file_name_2": "138264_2.jpg",
  "image_url_2": "https://sortiment.lidl.ch/media/catalog/product/cache/38c728e59b3a47950872534eff8a1e63/1/3/138264_aufquell_PSXX.jpg",
  "file_name_3": "138264_3.jpg",
  "image_url_3": "https://sortiment.lidl.ch/media/catalog/product/cache/38c728e59b3a47950872534eff8a1e63/1/3/138264_gewachst_PSXX.jpg"
},
{
  "_id": {
    "$oid": "66f3ab8bd23ade1eec560127"
  },
  "unique_id": "137950",
  "product_name": "Zahnbürsten Junior/Kinder",
  "brand": "Nevadent",
  "regular_price": 0.79,
  "selling_price": 0.79,
  "price_per_unit": "pro 2 Stück | 1 Stk = 0.40 CHF",
  "breadcrumb": "Sortiment > Sortiment > Zahnbürsten Junior/Kinder",
  "pdp_url": "https://sortiment.lidl.ch/de/zahnbuersten-junior-kinder-0137950",
  "product_description": "Artikelnr.: 137950",
  "producthierarchy_level1": "Sortiment",
  "producthierarchy_level2": "Sortiment",
  "producthierarchy_level3": "Zahnbürsten Junior/Kinder",
  "producthierarchy_level4": "",
  "producthierarchy_level5": "",
  "producthierarchy_level6": "",
  "producthierarchy_level7": "",
  "currency": "Swiss franc",
  "file_name_1": "137950_1.jpg",
  "image_url_1": "https://sortiment.lidl.ch/media/amasty/amoptmobile/catalog/product/cache/38c728e59b3a47950872534eff8a1e63/1/3/137950_Junior_PSXX.jpg",
  "file_name_2": "137950_2.jpg",
  "image_url_2": "https://sortiment.lidl.ch/media/catalog/product/cache/38c728e59b3a47950872534eff8a1e63/1/3/137950_Kids_Junior_PSXX.jpg",
  "file_name_3": "137950_3.jpg",
  "image_url_3": "https://sortiment.lidl.ch/media/catalog/product/cache/38c728e59b3a47950872534eff8a1e63/1/3/137950_Kids_PSXX_1.jpg"
},
{
  "_id": {
    "$oid": "66f3ab8cd23ade1eec560128"
  },
  "unique_id": "137078",
  "product_name": "Zahnpflege",
  "brand": "Nevadent",
  "regular_price": 1.19,
  "selling_price": 1.19,
  "price_per_unit": "pro Stück",
  "breadcrumb": "Sortiment > Sortiment > Zahnpflege",
  "pdp_url": "https://sortiment.lidl.ch/de/zahnpflege-0137078",
  "product_description": "Artikelnr.: 137078",
  "producthierarchy_level1": "Sortiment",
  "producthierarchy_level2": "Sortiment",
  "producthierarchy_level3": "Zahnpflege",
  "producthierarchy_level4": "",
  "producthierarchy_level5": "",
  "producthierarchy_level6": "",
  "producthierarchy_level7": "",
  "currency": "Swiss franc",
  "file_name_1": "137078_1.jpg",
  "image_url_1": "https://sortiment.lidl.ch/media/catalog/product/cache/38c728e59b3a47950872534eff8a1e63/1/3/137078_SpacePick_PSXX.jpg",
  "file_name_2": "137078_2.jpg",
  "image_url_2": "https://sortiment.lidl.ch/media/catalog/product/cache/38c728e59b3a47950872534eff8a1e63/1/3/137078_ZahnseidesticksMinze_PSXX.jpg",
  "file_name_3": "137078_3.jpg",
  "image_url_3": "https://sortiment.lidl.ch/media/catalog/product/cache/38c728e59b3a47950872534eff8a1e63/1/3/137078_Zahnseidesticks_PSXX.jpg"
},
{
  "_id": {
    "$oid": "66f3ab8ed23ade1eec560129"
  },
  "unique_id": "132312",
  "product_name": "Zahnpasta",
  "brand": "Nevadent",
  "regular_price": 0.89,
  "selling_price": 0.89,
  "price_per_unit": "pro 100ml",
  "breadcrumb": "Sortiment > Sortiment > Zahnpasta",
  "pdp_url": "https://sortiment.lidl.ch/de/zahnpasta-0132312",
  "product_description": "Artikelnr.: 132312",
  "producthierarchy_level1": "Sortiment",
  "producthierarchy_level2": "Sortiment",
  "producthierarchy_level3": "Zahnpasta",
  "producthierarchy_level4": "",
  "producthierarchy_level5": "",
  "producthierarchy_level6": "",
  "producthierarchy_level7": "",
  "currency": "Swiss franc",
  "file_name_1": "132312_1.jpg",
  "image_url_1": "https://sortiment.lidl.ch/media/catalog/product/cache/38c728e59b3a47950872534eff8a1e63/1/3/132312_s01_PSXX.jpg",
  "file_name_2": "132312_2.jpg",
  "image_url_2": "https://sortiment.lidl.ch/media/catalog/product/cache/38c728e59b3a47950872534eff8a1e63/1/3/132312_s02_PSXX.jpg",
  "file_name_3": "132312_3.jpg",
  "image_url_3": "https://sortiment.lidl.ch/media/catalog/product/cache/38c728e59b3a47950872534eff8a1e63/1/3/132312_s03_PSXX.jpg"
},
{
  "_id": {
    "$oid": "66f3ab8fd23ade1eec56012a"
  },
  "unique_id": "47339",
  "product_name": "Mundspülung",
  "brand": "Nevadent",
  "regular_price": 1.79,
  "selling_price": 1.79,
  "price_per_unit": "pro 500ml | 100ML = 0.36 CHF",
  "breadcrumb": "Sortiment > Sortiment > Mundspülung",
  "pdp_url": "https://sortiment.lidl.ch/de/mundspuelung-0047339",
  "product_description": "Artikelnr.: 47339",
  "producthierarchy_level1": "Sortiment",
  "producthierarchy_level2": "Sortiment",
  "producthierarchy_level3": "Mundspülung",
  "producthierarchy_level4": "",
  "producthierarchy_level5": "",
  "producthierarchy_level6": "",
  "producthierarchy_level7": "",
  "currency": "Swiss franc",
  "file_name_1": "47339_1.jpg",
  "image_url_1": "https://sortiment.lidl.ch/media/catalog/product/cache/38c728e59b3a47950872534eff8a1e63/4/7/47339_8in1_PSXX.jpg",
  "file_name_2": "47339_2.jpg",
  "image_url_2": "https://sortiment.lidl.ch/media/catalog/product/cache/38c728e59b3a47950872534eff8a1e63/4/7/47339_ExtraMint_PSXX_1.jpg",
  "file_name_3": "47339_3.jpg",
  "image_url_3": "https://sortiment.lidl.ch/media/catalog/product/cache/38c728e59b3a47950872534eff8a1e63/4/7/47339_TeethGum_PSXX_1.jpg"
},
{
  "_id": {
    "$oid": "66f3ab90d23ade1eec56012b"
  },
  "unique_id": "38752",
  "product_name": "Zahnpasta",
  "brand": "Nevadent",
  "regular_price": 1.49,
  "selling_price": 1.49,
  "price_per_unit": "pro 125ml | 100ML = 1.20 CHF",
  "breadcrumb": "Sortiment > Sortiment > Zahnpasta",
  "pdp_url": "https://sortiment.lidl.ch/de/zahnpasta-0038752",
  "product_description": "Artikelnr.: 38752",
  "producthierarchy_level1": "Sortiment",
  "producthierarchy_level2": "Sortiment",
  "producthierarchy_level3": "Zahnpasta",
  "producthierarchy_level4": "",
  "producthierarchy_level5": "",
  "producthierarchy_level6": "",
  "producthierarchy_level7": "",
  "currency": "Swiss franc",
  "file_name_1": "38752_1.jpg",
  "image_url_1": "https://sortiment.lidl.ch/media/catalog/product/cache/38c728e59b3a47950872534eff8a1e63/3/8/38752_Sensitive_PSXXX_1.jpg",
  "file_name_2": "38752_2.jpg",
  "image_url_2": "https://sortiment.lidl.ch/media/catalog/product/cache/38c728e59b3a47950872534eff8a1e63/3/8/38752_TotalCare_PSXX_1.jpg",
  "file_name_3": "38752_3.jpg",
  "image_url_3": "https://sortiment.lidl.ch/media/catalog/product/cache/38c728e59b3a47950872534eff8a1e63/3/8/38752_WhiteningPlus_PSXX_1.jpg"
},
{
  "_id": {
    "$oid": "66f3ab91d23ade1eec56012c"
  },
  "unique_id": "38464",
  "product_name": "Zahnbürste Professional",
  "brand": "Nevadent",
  "regular_price": 1.99,
  "selling_price": 1.99,
  "price_per_unit": "pro 2 Stück | 1 Stk = 1.00 CHF",
  "breadcrumb": "Sortiment > Sortiment > Zahnbürste Professional",
  "pdp_url": "https://sortiment.lidl.ch/de/zahnbuerste-professional-0038464",
  "product_description": "Artikelnr.: 38464",
  "producthierarchy_level1": "Sortiment",
  "producthierarchy_level2": "Sortiment",
  "producthierarchy_level3": "Zahnbürste Professional",
  "producthierarchy_level4": "",
  "producthierarchy_level5": "",
  "producthierarchy_level6": "",
  "producthierarchy_level7": "",
  "currency": "Swiss franc",
  "file_name_1": "38464_1.jpg",
  "image_url_1": "https://sortiment.lidl.ch/media/catalog/product/cache/38c728e59b3a47950872534eff8a1e63/3/8/38464_Soft_Medium_PSXX.jpg",
  "file_name_2": "38464_2.jpg",
  "image_url_2": "https://sortiment.lidl.ch/media/catalog/product/cache/38c728e59b3a47950872534eff8a1e63/3/8/38464_Soft_PSXX_1.jpg",
  "file_name_3": "38464_3.jpg",
  "image_url_3": "https://sortiment.lidl.ch/media/catalog/product/cache/38c728e59b3a47950872534eff8a1e63/3/8/38464_medium_PSXX.jpg"
},
{
  "_id": {
    "$oid": "66f3ab93d23ade1eec56012d"
  },
  "unique_id": "27073",
  "product_name": "Rasierschaum for men",
  "brand": "Cien",
  "regular_price": 1.25,
  "selling_price": 1.25,
  "price_per_unit": "pro 300ml | 100ML = 0.42 CHF",
  "breadcrumb": "Sortiment > Sortiment > Rasierschaum for men",
  "pdp_url": "https://sortiment.lidl.ch/de/rasierschaum-for-men-0027073",
  "product_description": "Artikelnr.: 27073",
  "producthierarchy_level1": "Sortiment",
  "producthierarchy_level2": "Sortiment",
  "producthierarchy_level3": "Rasierschaum for men",
  "producthierarchy_level4": "",
  "producthierarchy_level5": "",
  "producthierarchy_level6": "",
  "producthierarchy_level7": "",
  "currency": "Swiss franc",
  "file_name_1": "27073_1.jpg",
  "image_url_1": "https://sortiment.lidl.ch/media/catalog/product/cache/38c728e59b3a47950872534eff8a1e63/2/7/27073_Hydro_PSXX_1.jpg",
  "file_name_2": "27073_2.jpg",
  "image_url_2": "https://sortiment.lidl.ch/media/catalog/product/cache/38c728e59b3a47950872534eff8a1e63/2/7/27073_Menthol_PSXX_1.jpg",
  "file_name_3": "27073_3.jpg",
  "image_url_3": "https://sortiment.lidl.ch/media/catalog/product/cache/38c728e59b3a47950872534eff8a1e63/2/7/27073_Sensitive_PSXX_1.jpg",
  "file_name_4": "27073_4.jpg",
  "image_url_4": "https://sortiment.lidl.ch/media/catalog/product/cache/38c728e59b3a47950872534eff8a1e63/2/7/27073_s01_PSXX.jpg"
},
{
  "_id": {
    "$oid": "66f3ab94d23ade1eec56012e"
  },
  "unique_id": "2872",
  "product_name": "Listerine Mundspülung",
  "brand": "Listerine",
  "regular_price": 5.35,
  "selling_price": 5.35,
  "price_per_unit": "pro 500ml | 100ML = 1.07 CHF",
  "breadcrumb": "Sortiment > Sortiment > Listerine Mundspülung",
  "pdp_url": "https://sortiment.lidl.ch/de/listerine-mundspuelung-0002872",
  "product_description": "Artikelnr.: 2872",
  "producthierarchy_level1": "Sortiment",
  "producthierarchy_level2": "Sortiment",
  "producthierarchy_level3": "Listerine Mundspülung",
  "producthierarchy_level4": "",
  "producthierarchy_level5": "",
  "producthierarchy_level6": "",
  "producthierarchy_level7": "",
  "currency": "Swiss franc",
  "file_name_1": "2872_1.jpg",
  "image_url_1": "https://sortiment.lidl.ch/media/catalog/product/cache/38c728e59b3a47950872534eff8a1e63/2/8/2872_Cool-Mint-Zero_PSXX.jpg",
  "file_name_2": "2872_2.jpg",
  "image_url_2": "https://sortiment.lidl.ch/media/catalog/product/cache/38c728e59b3a47950872534eff8a1e63/2/8/2872_Cool-Mint_PSXX.jpg",
  "file_name_3": "2872_3.jpg",
  "image_url_3": "https://sortiment.lidl.ch/media/catalog/product/cache/38c728e59b3a47950872534eff8a1e63/2/8/2872_ZahnZahnfleischschutz_PSXX.jpg"
},
{
  "_id": {
    "$oid": "66f3ab95d23ade1eec56012f"
  },
  "unique_id": "2460",
  "product_name": "Signal Zahnpasta",
  "brand": "Signal",
  "regular_price": 3.69,
  "selling_price": 3.69,
  "price_per_unit": "pro 100ml",
  "breadcrumb": "Sortiment > Sortiment > Signal Zahnpasta",
  "pdp_url": "https://sortiment.lidl.ch/de/signal-zahnpasta-0002460",
  "product_description": "Artikelnr.: 2460",
  "producthierarchy_level1": "Sortiment",
  "producthierarchy_level2": "Sortiment",
  "producthierarchy_level3": "Signal Zahnpasta",
  "producthierarchy_level4": "",
  "producthierarchy_level5": "",
  "producthierarchy_level6": "",
  "producthierarchy_level7": "",
  "currency": "Swiss franc",
  "file_name_1": "2460_1.jpg",
  "image_url_1": "https://sortiment.lidl.ch/media/catalog/product/cache/38c728e59b3a47950872534eff8a1e63/2/4/2460_Micro_PSXX.jpg",
  "file_name_2": "2460_2.jpg",
  "image_url_2": "https://sortiment.lidl.ch/media/catalog/product/cache/38c728e59b3a47950872534eff8a1e63/2/4/2460_Sensitive_PSXX.jpg",
  "file_name_3": "2460_3.jpg",
  "image_url_3": "https://sortiment.lidl.ch/media/catalog/product/cache/38c728e59b3a47950872534eff8a1e63/2/4/2460_White_PSXX.jpg"
},
{
  "_id": {
    "$oid": "66f3ab96d23ade1eec560130"
  },
  "unique_id": "27028",
  "product_name": "Zahnbürsten Classic",
  "brand": "Nevadent",
  "regular_price": 0.79,
  "selling_price": 0.79,
  "price_per_unit": "pro 2 Stück | 1 Stk = 0.40 CHF",
  "breadcrumb": "Sortiment > Sortiment > Zahnbürsten Classic",
  "pdp_url": "https://sortiment.lidl.ch/de/zahnbuersten-classic-0027028",
  "product_description": "Artikelnr.: 27028",
  "producthierarchy_level1": "Sortiment",
  "producthierarchy_level2": "Sortiment",
  "producthierarchy_level3": "Zahnbürsten Classic",
  "producthierarchy_level4": "",
  "producthierarchy_level5": "",
  "producthierarchy_level6": "",
  "producthierarchy_level7": "",
  "currency": "Swiss franc",
  "file_name_1": "27028_1.jpg",
  "image_url_1": "https://sortiment.lidl.ch/media/catalog/product/cache/38c728e59b3a47950872534eff8a1e63/2/7/27028_Nevadent_PSXX.jpg"
},
{
  "_id": {
    "$oid": "66f3ab98d23ade1eec560131"
  },
  "unique_id": "116573",
  "product_name": "Rasiergel Women Sensitive",
  "brand": "Cien",
  "regular_price": 2.19,
  "selling_price": 2.19,
  "price_per_unit": "pro 200ml | 100ML = 1.10 CHF",
  "breadcrumb": "Sortiment > Sortiment > Rasiergel Women Sensitive",
  "pdp_url": "https://sortiment.lidl.ch/de/rasiergel-women-sensitive-0116573",
  "product_description": "Artikelnr.: 116573",
  "producthierarchy_level1": "Sortiment",
  "producthierarchy_level2": "Sortiment",
  "producthierarchy_level3": "Rasiergel Women Sensitive",
  "producthierarchy_level4": "",
  "producthierarchy_level5": "",
  "producthierarchy_level6": "",
  "producthierarchy_level7": "",
  "currency": "Swiss franc",
  "file_name_1": "116573_1.jpg",
  "image_url_1": "https://sortiment.lidl.ch/media/catalog/product/cache/38c728e59b3a47950872534eff8a1e63/1/1/116573_PSXX.jpg"
},
{
  "_id": {
    "$oid": "66f3ab9ad23ade1eec560132"
  },
  "unique_id": "112457",
  "product_name": "Men 5-Klingen Rasierer",
  "brand": "Cien",
  "regular_price": 5.95,
  "selling_price": 5.95,
  "price_per_unit": "pro 4 Stück",
  "breadcrumb": "Sortiment > Sortiment > Men 5-Klingen Rasierer",
  "pdp_url": "https://sortiment.lidl.ch/de/men-5-klingen-rasierer-0112457",
  "product_description": "Artikelnr.: 112457",
  "producthierarchy_level1": "Sortiment",
  "producthierarchy_level2": "Sortiment",
  "producthierarchy_level3": "Men 5-Klingen Rasierer",
  "producthierarchy_level4": "",
  "producthierarchy_level5": "",
  "producthierarchy_level6": "",
  "producthierarchy_level7": "",
  "currency": "Swiss franc",
  "file_name_1": "112457_1.jpg",
  "image_url_1": "https://sortiment.lidl.ch/media/catalog/product/cache/38c728e59b3a47950872534eff8a1e63/1/1/112457_PSXX.jpg"
},
{
  "_id": {
    "$oid": "66f3ab9bd23ade1eec560133"
  },
  "unique_id": "62785",
  "product_name": "Deospray for men",
  "brand": "Cien Men",
  "regular_price": 1.69,
  "selling_price": 1.69,
  "price_per_unit": "pro 200ml | 100ML = 0.85 CHF",
  "breadcrumb": "Sortiment > Sortiment > Deospray for men",
  "pdp_url": "https://sortiment.lidl.ch/de/deospray-for-men-0062785",
  "product_description": "Artikelnr.: 62785",
  "producthierarchy_level1": "Sortiment",
  "producthierarchy_level2": "Sortiment",
  "producthierarchy_level3": "Deospray for men",
  "producthierarchy_level4": "",
  "producthierarchy_level5": "",
  "producthierarchy_level6": "",
  "producthierarchy_level7": "",
  "currency": "Swiss franc",
  "file_name_1": "62785_1.jpg",
  "image_url_1": "https://sortiment.lidl.ch/media/catalog/product/cache/38c728e59b3a47950872534eff8a1e63/6/2/62785_Aqua_PSXX.jpg",
  "file_name_2": "62785_2.jpg",
  "image_url_2": "https://sortiment.lidl.ch/media/catalog/product/cache/38c728e59b3a47950872534eff8a1e63/6/2/62785_ExtraDry_PSXX_1.jpg",
  "file_name_3": "62785_3.jpg",
  "image_url_3": "https://sortiment.lidl.ch/media/catalog/product/cache/38c728e59b3a47950872534eff8a1e63/6/2/62785_Polarefresh_PSXX_1.jpg",
  "file_name_4": "62785_4.jpg",
  "image_url_4": "https://sortiment.lidl.ch/media/catalog/product/cache/38c728e59b3a47950872534eff8a1e63/6/2/62785_Sport_PSXX_1.jpg",
  "file_name_5": "62785_5.jpg",
  "image_url_5": "https://sortiment.lidl.ch/media/catalog/product/cache/38c728e59b3a47950872534eff8a1e63/6/2/62785_s01_PSXX.jpg",
  "file_name_6": "62785_6.jpg",
  "image_url_6": "https://sortiment.lidl.ch/media/catalog/product/cache/38c728e59b3a47950872534eff8a1e63/6/2/62785_s02_PSXX.jpg",
  "file_name_7": "62785_7.jpg",
  "image_url_7": "https://sortiment.lidl.ch/media/catalog/product/cache/38c728e59b3a47950872534eff8a1e63/6/2/62785_s03_PSXX.jpg"
},
{
  "_id": {
    "$oid": "66f3ab9cd23ade1eec560134"
  },
  "unique_id": "27064",
  "product_name": "After Shave for men",
  "brand": "Cien Men",
  "regular_price": 2.99,
  "selling_price": 2.99,
  "price_per_unit": "pro 100ml",
  "breadcrumb": "Sortiment > Sortiment > After Shave for men",
  "pdp_url": "https://sortiment.lidl.ch/de/after-shave-for-men-0027064",
  "product_description": "Artikelnr.: 27064",
  "producthierarchy_level1": "Sortiment",
  "producthierarchy_level2": "Sortiment",
  "producthierarchy_level3": "After Shave for men",
  "producthierarchy_level4": "",
  "producthierarchy_level5": "",
  "producthierarchy_level6": "",
  "producthierarchy_level7": "",
  "currency": "Swiss franc",
  "file_name_1": "27064_1.jpg",
  "image_url_1": "https://sortiment.lidl.ch/media/catalog/product/cache/38c728e59b3a47950872534eff8a1e63/2/7/27064_aqua_PSXX.jpg",
  "file_name_2": "27064_2.jpg",
  "image_url_2": "https://sortiment.lidl.ch/media/catalog/product/cache/38c728e59b3a47950872534eff8a1e63/2/7/27064_sensitive_PSXX.jpg",
  "file_name_3": "27064_3.jpg",
  "image_url_3": "https://sortiment.lidl.ch/media/catalog/product/cache/38c728e59b3a47950872534eff8a1e63/2/7/27064_xbolt_PSXX.jpg"
},
{
  "_id": {
    "$oid": "66f3ab9dd23ade1eec560135"
  },
  "unique_id": "62781",
  "product_name": "Deospray",
  "brand": "Cien",
  "regular_price": 1.39,
  "selling_price": 1.39,
  "price_per_unit": "pro 200ml | 100ML = 0.70 CHF",
  "breadcrumb": "Sortiment > Sortiment > Deospray",
  "pdp_url": "https://sortiment.lidl.ch/de/deospray-0062781",
  "product_description": "Artikelnr.: 62781",
  "producthierarchy_level1": "Sortiment",
  "producthierarchy_level2": "Sortiment",
  "producthierarchy_level3": "Deospray",
  "producthierarchy_level4": "",
  "producthierarchy_level5": "",
  "producthierarchy_level6": "",
  "producthierarchy_level7": "",
  "currency": "Swiss franc",
  "file_name_1": "62781_1.jpg",
  "image_url_1": "https://sortiment.lidl.ch/media/catalog/product/cache/38c728e59b3a47950872534eff8a1e63/6/2/62781_Classic_PSXX_1.jpg",
  "file_name_2": "62781_2.jpg",
  "image_url_2": "https://sortiment.lidl.ch/media/catalog/product/cache/38c728e59b3a47950872534eff8a1e63/6/2/62781_ExtraDry_PSXX.jpg",
  "file_name_3": "62781_3.jpg",
  "image_url_3": "https://sortiment.lidl.ch/media/catalog/product/cache/38c728e59b3a47950872534eff8a1e63/6/2/62781_HotPink_PSXX.jpg",
  "file_name_4": "62781_4.jpg",
  "image_url_4": "https://sortiment.lidl.ch/media/catalog/product/cache/38c728e59b3a47950872534eff8a1e63/6/2/62781_HydroFresh_PSXX.jpg",
  "file_name_5": "62781_5.jpg",
  "image_url_5": "https://sortiment.lidl.ch/media/catalog/product/cache/38c728e59b3a47950872534eff8a1e63/6/2/62781_PureFresh_PSXX_1.jpg",
  "file_name_6": "62781_6.jpg",
  "image_url_6": "https://sortiment.lidl.ch/media/catalog/product/cache/38c728e59b3a47950872534eff8a1e63/6/2/62781_PureSensation_PSXX_1.jpg",
  "file_name_7": "62781_7.jpg",
  "image_url_7": "https://sortiment.lidl.ch/media/catalog/product/cache/38c728e59b3a47950872534eff8a1e63/6/2/62781_freshpink_PSXX_1.jpg",
  "file_name_8": "62781_8.jpg",
  "image_url_8": "https://sortiment.lidl.ch/media/catalog/product/cache/38c728e59b3a47950872534eff8a1e63/6/2/62781_invisible_PSXX_1.jpg"
},
{
  "_id": {
    "$oid": "66f3ab9ed23ade1eec560136"
  },
  "unique_id": "5107428",
  "product_name": "MAM Nuggi",
  "brand": "MAM",
  "regular_price": 9.89,
  "selling_price": 9.89,
  "price_per_unit": "pro 2 Stk | 1 Stk = 4.95 CHF",
  "breadcrumb": "Sortiment > Sortiment > MAM Nuggi",
  "pdp_url": "https://sortiment.lidl.ch/de/mam-nuggi-5107428",
  "product_description": "Artikelnr.: 5107428",
  "producthierarchy_level1": "Sortiment",
  "producthierarchy_level2": "Sortiment",
  "producthierarchy_level3": "MAM Nuggi",
  "producthierarchy_level4": "",
  "producthierarchy_level5": "",
  "producthierarchy_level6": "",
  "producthierarchy_level7": "",
  "currency": "Swiss franc",
  "file_name_1": "5107428_1.jpg",
  "image_url_1": "https://sortiment.lidl.ch/media/catalog/product/cache/38c728e59b3a47950872534eff8a1e63/5/1/5107428_16bis36Monate_PSXX.jpg",
  "file_name_2": "5107428_2.jpg",
  "image_url_2": "https://sortiment.lidl.ch/media/catalog/product/cache/38c728e59b3a47950872534eff8a1e63/5/1/5107428_PSXX_1.jpg",
  "file_name_3": "5107428_3.jpg",
  "image_url_3": "https://sortiment.lidl.ch/media/catalog/product/cache/38c728e59b3a47950872534eff8a1e63/5/1/5107428_blau_PSXX.jpg",
  "file_name_4": "5107428_4.jpg",
  "image_url_4": "https://sortiment.lidl.ch/media/catalog/product/cache/38c728e59b3a47950872534eff8a1e63/5/1/5107428_gelb_PSXX.jpg",
  "file_name_5": "5107428_5.jpg",
  "image_url_5": "https://sortiment.lidl.ch/media/catalog/product/cache/38c728e59b3a47950872534eff8a1e63/5/1/5107428_gruen_PSXX.jpg"
},
{
  "_id": {
    "$oid": "66f3ab9fd23ade1eec560137"
  },
  "unique_id": "5107423",
  "product_name": "MAM Nuggi",
  "brand": "MAM",
  "regular_price": 9.89,
  "selling_price": 9.89,
  "price_per_unit": "pro 2 Stück | 1 Stk = 4.95 CHF",
  "breadcrumb": "Sortiment > Sortiment > MAM Nuggi",
  "pdp_url": "https://sortiment.lidl.ch/de/mam-nuggi-5107423",
  "product_description": "Artikelnr.: 5107423",
  "producthierarchy_level1": "Sortiment",
  "producthierarchy_level2": "Sortiment",
  "producthierarchy_level3": "MAM Nuggi",
  "producthierarchy_level4": "",
  "producthierarchy_level5": "",
  "producthierarchy_level6": "",
  "producthierarchy_level7": "",
  "currency": "Swiss franc",
  "file_name_1": "5107423_1.jpg",
  "image_url_1": "https://sortiment.lidl.ch/media/catalog/product/cache/38c728e59b3a47950872534eff8a1e63/5/1/5107423_6bis16Monate_PSXX.jpg",
  "file_name_2": "5107423_2.jpg",
  "image_url_2": "https://sortiment.lidl.ch/media/catalog/product/cache/38c728e59b3a47950872534eff8a1e63/5/1/5107423_PSXX_1.jpg",
  "file_name_3": "5107423_3.jpg",
  "image_url_3": "https://sortiment.lidl.ch/media/catalog/product/cache/38c728e59b3a47950872534eff8a1e63/5/1/5107423_blau_PSXX_ALT_1.jpg",
  "file_name_4": "5107423_4.jpg",
  "image_url_4": "https://sortiment.lidl.ch/media/catalog/product/cache/38c728e59b3a47950872534eff8a1e63/5/1/5107423_gelb_PSXX_ALT_1.jpg"
},
{
  "_id": {
    "$oid": "66f3aba0d23ade1eec560138"
  },
  "unique_id": "5107418",
  "product_name": "MAM Nuggi",
  "brand": "MAM",
  "regular_price": 9.89,
  "selling_price": 9.89,
  "price_per_unit": "pro 2 Stück | 1 Stk = 4.95 CHF",
  "breadcrumb": "Sortiment > Sortiment > MAM Nuggi",
  "pdp_url": "https://sortiment.lidl.ch/de/mam-nuggi-5107418",
  "product_description": "Artikelnr.: 5107418",
  "producthierarchy_level1": "Sortiment",
  "producthierarchy_level2": "Sortiment",
  "producthierarchy_level3": "MAM Nuggi",
  "producthierarchy_level4": "",
  "producthierarchy_level5": "",
  "producthierarchy_level6": "",
  "producthierarchy_level7": "",
  "currency": "Swiss franc",
  "file_name_1": "5107418_1.jpg",
  "image_url_1": "https://sortiment.lidl.ch/media/catalog/product/cache/38c728e59b3a47950872534eff8a1e63/5/1/5107418_Elefant_PSXX_1.jpg",
  "file_name_2": "5107418_2.jpg",
  "image_url_2": "https://sortiment.lidl.ch/media/catalog/product/cache/38c728e59b3a47950872534eff8a1e63/5/1/5107418_Nashorn_PSXX_1.jpg",
  "file_name_3": "5107418_3.jpg",
  "image_url_3": "https://sortiment.lidl.ch/media/catalog/product/cache/38c728e59b3a47950872534eff8a1e63/5/1/5107418_Zebra_PSXX_1.jpg",
  "file_name_4": "5107418_4.jpg",
  "image_url_4": "https://sortiment.lidl.ch/media/catalog/product/cache/38c728e59b3a47950872534eff8a1e63/5/1/5107418_blau_PSXX.jpg",
  "file_name_5": "5107418_5.jpg",
  "image_url_5": "https://sortiment.lidl.ch/media/catalog/product/cache/38c728e59b3a47950872534eff8a1e63/5/1/5107418_gelb_PSXX.jpg",
  "file_name_6": "5107418_6.jpg",
  "image_url_6": "https://sortiment.lidl.ch/media/catalog/product/cache/38c728e59b3a47950872534eff8a1e63/5/1/5107418_gruen_PSXX.jpg"
},
{
  "_id": {
    "$oid": "66f3aba1d23ade1eec560139"
  },
  "unique_id": "11175",
  "product_name": "Sonnenblumen-Margarine",
  "brand": "Vita D'or",
  "regular_price": 2.39,
  "selling_price": 2.39,
  "price_per_unit": "pro 500g | 100g = 0.48 CHF",
  "breadcrumb": "Sortiment > Sortiment > Sonnenblumen-Margarine",
  "pdp_url": "https://sortiment.lidl.ch/de/sonnenblumen-margarine-0011175",
  "product_description": "Artikelnr.: 11175",
  "producthierarchy_level1": "Sortiment",
  "producthierarchy_level2": "Sortiment",
  "producthierarchy_level3": "Sonnenblumen-Margarine",
  "producthierarchy_level4": "",
  "producthierarchy_level5": "",
  "producthierarchy_level6": "",
  "producthierarchy_level7": "",
  "currency": "Swiss franc",
  "file_name_1": "11175_1.jpg",
  "image_url_1": "https://sortiment.lidl.ch/media/catalog/product/cache/38c728e59b3a47950872534eff8a1e63/1/1/11175_PSXX_1.jpg"
},
{
  "_id": {
    "$oid": "66f3aba2d23ade1eec56013a"
  },
  "unique_id": "3404",
  "product_name": "Rama Sooo BUTTRIG!",
  "brand": "Rama",
  "regular_price": 2.85,
  "selling_price": 2.85,
  "price_per_unit": "pro 225g | 100g = 1.27 CHF",
  "breadcrumb": "Sortiment > Sortiment > Rama Sooo BUTTRIG!",
  "pdp_url": "https://sortiment.lidl.ch/de/rama-sooo-buttrig-0003404",
  "product_description": "Artikelnr.: 3404",
  "producthierarchy_level1": "Sortiment",
  "producthierarchy_level2": "Sortiment",
  "producthierarchy_level3": "Rama Sooo BUTTRIG!",
  "producthierarchy_level4": "",
  "producthierarchy_level5": "",
  "producthierarchy_level6": "",
  "producthierarchy_level7": "",
  "currency": "Swiss franc",
  "file_name_1": "3404_1.jpg",
  "image_url_1": "https://sortiment.lidl.ch/media/amasty/amoptmobile/catalog/product/cache/38c728e59b3a47950872534eff8a1e63/3/4/3404_PSXX.jpg"
},
{
  "_id": {
    "$oid": "66f3aba4d23ade1eec56013b"
  },
  "unique_id": "1471",
  "product_name": "Rama Zum Braten mit Butternote",
  "brand": "Rama",
  "regular_price": 5.19,
  "selling_price": 3.99,
  "price_per_unit": "pro 500ml | LP 100ml = 0.80 CHF",
  "breadcrumb": "Sortiment > Sortiment > Rama Zum Braten mit Butternote",
  "pdp_url": "https://sortiment.lidl.ch/de/rama-zum-braten-mit-butternote-0001471",
  "product_description": "Artikelnr.: 1471",
  "producthierarchy_level1": "Sortiment",
  "producthierarchy_level2": "Sortiment",
  "producthierarchy_level3": "Rama Zum Braten mit Butternote",
  "producthierarchy_level4": "",
  "producthierarchy_level5": "",
  "producthierarchy_level6": "",
  "producthierarchy_level7": "",
  "currency": "Swiss franc",
  "file_name_1": "1471_1.jpg",
  "image_url_1": "https://sortiment.lidl.ch/media/catalog/product/cache/38c728e59b3a47950872534eff8a1e63/1/4/1471_PSXX.jpg"
},
{
  "_id": {
    "$oid": "66f3aba5d23ade1eec56013c"
  },
  "unique_id": "99000",
  "product_name": "Rapsöl",
  "brand": "Vita D'or",
  "regular_price": 3.49,
  "selling_price": 3.49,
  "price_per_unit": "pro 1l",
  "breadcrumb": "Sortiment > Sortiment > Rapsöl",
  "pdp_url": "https://sortiment.lidl.ch/de/rapsoel-0099000",
  "product_description": "Artikelnr.: 99000",
  "producthierarchy_level1": "Sortiment",
  "producthierarchy_level2": "Sortiment",
  "producthierarchy_level3": "Rapsöl",
  "producthierarchy_level4": "",
  "producthierarchy_level5": "",
  "producthierarchy_level6": "",
  "producthierarchy_level7": "",
  "currency": "Swiss franc",
  "file_name_1": "99000_1.jpg",
  "image_url_1": "https://sortiment.lidl.ch/media/catalog/product/cache/38c728e59b3a47950872534eff8a1e63/9/9/99000_PSXX.jpg"
},
{
  "_id": {
    "$oid": "66f3aba6d23ade1eec56013d"
  },
  "unique_id": "1563",
  "product_name": "Sonnenblumenöl",
  "brand": "Vita D'or",
  "regular_price": 4.29,
  "selling_price": 4.29,
  "price_per_unit": "pro 1l",
  "breadcrumb": "Sortiment > Sortiment > Sonnenblumenöl",
  "pdp_url": "https://sortiment.lidl.ch/de/sonnenblumenoel-0001563",
  "product_description": "Artikelnr.: 1563",
  "producthierarchy_level1": "Sortiment",
  "producthierarchy_level2": "Sortiment",
  "producthierarchy_level3": "Sonnenblumenöl",
  "producthierarchy_level4": "",
  "producthierarchy_level5": "",
  "producthierarchy_level6": "",
  "producthierarchy_level7": "",
  "currency": "Swiss franc",
  "file_name_1": "1563_1.jpg",
  "image_url_1": "https://sortiment.lidl.ch/media/catalog/product/cache/38c728e59b3a47950872534eff8a1e63/1/5/1563_Kolli_PSXX_1.jpg",
  "file_name_2": "1563_2.jpg",
  "image_url_2": "https://sortiment.lidl.ch/media/catalog/product/cache/38c728e59b3a47950872534eff8a1e63/1/5/1563_PSXX.jpg"
},
{
  "_id": {
    "$oid": "66f3aba7d23ade1eec56013e"
  },
  "unique_id": "11366",
  "product_name": "Spanisches Olivenöl",
  "brand": "Primadonna",
  "regular_price": 9.99,
  "selling_price": 9.99,
  "price_per_unit": "pro 1l",
  "breadcrumb": "Sortiment > Sortiment > Spanisches Olivenöl",
  "pdp_url": "https://sortiment.lidl.ch/de/spanisches-olivenoel-0011366",
  "product_description": "Artikelnr.: 11366",
  "producthierarchy_level1": "Sortiment",
  "producthierarchy_level2": "Sortiment",
  "producthierarchy_level3": "Spanisches Olivenöl",
  "producthierarchy_level4": "",
  "producthierarchy_level5": "",
  "producthierarchy_level6": "",
  "producthierarchy_level7": "",
  "currency": "Swiss franc",
  "file_name_1": "11366_1.jpg",
  "image_url_1": "https://sortiment.lidl.ch/media/amasty/amoptmobile/catalog/product/cache/38c728e59b3a47950872534eff8a1e63/1/1/11366_PSXX.jpg"
},
{
  "_id": {
    "$oid": "66f3aba8d23ade1eec56013f"
  },
  "unique_id": "114732",
  "product_name": "Berliner mit Mehrfruchtfüllung",
  "brand": "",
  "regular_price": 0.89,
  "selling_price": 0.89,
  "price_per_unit": "pro 75g | 100g = 1.19 CHF",
  "breadcrumb": "Sortiment > Sortiment > Berliner mit Mehrfruchtfüllung",
  "pdp_url": "https://sortiment.lidl.ch/de/berliner-mit-mehrfruchtfuellung-0114732",
  "product_description": "Artikelnr.: 114732 Berliner Mehrfruchtfüllung, aufgetaut. Zutaten: Weizenmehl , 21% Mehrfruchtfüllung [Zucker, 7%* Früchte (4%* Äpfel, 1%* Himbeeren, 1%* schwarze Johannisbeeren, 1%* Sauerkirschen), Glukosesirup, Wasser, Geliermittel: Pektine, Säuerungsmittel: Citronensäure, Säureregulator: Natriumcitrate], pflanzliche Öle (Palm, Sonnenblume, Raps), Wasser, Vollei* *,  Zucker, Dextrose, Süssmolkenpulver, Weizenstärke, Speisesalz, Hefe, Hühnereieiweisspulver* *, Kartoffelstärke, Mehlbehandlungsmittel: Ascorbinsäure. Kann Spuren von Erdnüssen, Soja, Schalenfrüchten (Nüsse), Sellerie, Senf, Sesam und Sulfiten enthalten. *bezogen auf das Endprodukt. **von Eiern aus Bodenhaltung. Hergestellt in Deutschland.",
  "producthierarchy_level1": "Sortiment",
  "producthierarchy_level2": "Sortiment",
  "producthierarchy_level3": "Berliner mit Mehrfruchtfüllung",
  "producthierarchy_level4": "",
  "producthierarchy_level5": "",
  "producthierarchy_level6": "",
  "producthierarchy_level7": "",
  "currency": "Swiss franc",
  "file_name_1": "114732_1.jpg",
  "image_url_1": "https://sortiment.lidl.ch/media/catalog/product/cache/38c728e59b3a47950872534eff8a1e63/1/1/114732_FKBF.jpg"
},
{
  "_id": {
    "$oid": "66f3aba9d23ade1eec560140"
  },
  "unique_id": "57732",
  "product_name": "Schoggibrötli",
  "brand": "",
  "regular_price": 0.99,
  "selling_price": 0.99,
  "price_per_unit": "pro 70g | 100g = 1.42 CHF",
  "breadcrumb": "Sortiment > Sortiment > Schoggibrötli",
  "pdp_url": "https://sortiment.lidl.ch/de/schoggibroetli-0057732",
  "product_description": "Artikelnr.: 57732 Hefefeingebäck gefüllt mit 12 % dunkler Schokolade. Zutaten: Weizenmehl , Butter, dunkle Schokolade (Zucker, Kakaomasse1, Kakaobutter1, Emulgator: Lecithine*, natürliches Vanillearoma), Wasser, Zucker, Backhefe, Vollei **, Speisesalz, Weizengluten, Weizenmalzmehl , deaktivierte Backhefe, Mehlbehandlungsmittel: Ascorbinsäure. Kann Spuren von  Erdnüsse, Soja,  Schalenfrüchte (Nüsse), Sellerie, Senf, Sesam und Sulfiten enthalten . **Eier aus Bodenhaltung. Hergestellt in Frankreich.",
  "producthierarchy_level1": "Sortiment",
  "producthierarchy_level2": "Sortiment",
  "producthierarchy_level3": "Schoggibrötli",
  "producthierarchy_level4": "",
  "producthierarchy_level5": "",
  "producthierarchy_level6": "",
  "producthierarchy_level7": "",
  "currency": "Swiss franc",
  "file_name_1": "57732_1.jpg",
  "image_url_1": "https://sortiment.lidl.ch/media/catalog/product/cache/38c728e59b3a47950872534eff8a1e63/5/7/57732_FKBF.jpg"
},
{
  "_id": {
    "$oid": "66f3abaad23ade1eec560141"
  },
  "unique_id": "5106663",
  "product_name": "Bio Krustenkranz",
  "brand": "",
  "regular_price": 2.49,
  "selling_price": 2.49,
  "price_per_unit": "pro 330g | 100g = 0.76 CHF",
  "breadcrumb": "Sortiment > Sortiment > Bio Krustenkranz",
  "pdp_url": "https://sortiment.lidl.ch/de/bio-krustenkranz-5106663",
  "product_description": "Artikelnr.: 5106663 Bio Krustenkranz Zutaten: 57% Weizenmehl *, Wasser, Weizenprotein *, Magermilchpulver *, Weizensauerteig * getrocknet, Milchprotein *, Weizengluten *, Roggensauerteig *, Gerstenmalzmehl *, Backhefe*, Rapsöl*, Meersalz, Acerolafruchtpulver*. *aus biologischer Landwirtschaft. Kann Spuren von Ei, Erdnüsse, Soja, Schalenfrüchte (Nüsse), Sellerie, Senf, Sesam und Sulfiten enthalten. Hergestellt in der Schweiz. CH-Bio-038",
  "producthierarchy_level1": "Sortiment",
  "producthierarchy_level2": "Sortiment",
  "producthierarchy_level3": "Bio Krustenkranz",
  "producthierarchy_level4": "",
  "producthierarchy_level5": "",
  "producthierarchy_level6": "",
  "producthierarchy_level7": "",
  "currency": "Swiss franc",
  "file_name_1": "5106663_1.jpg",
  "image_url_1": "https://sortiment.lidl.ch/media/catalog/product/cache/38c728e59b3a47950872534eff8a1e63/5/1/5106663_FKBF.jpg"
},
{
  "_id": {
    "$oid": "66f3ababd23ade1eec560142"
  },
  "unique_id": "5105700",
  "product_name": "Bio Holzofenbrot UrDinkel",
  "brand": "",
  "regular_price": 3.99,
  "selling_price": 3.99,
  "price_per_unit": "pro 365g | 100g = 1.10 CHF",
  "breadcrumb": "Sortiment > Sortiment > Bio Holzofenbrot UrDinkel",
  "pdp_url": "https://sortiment.lidl.ch/de/bio-holzofenbrot-urdinkel-5105700",
  "product_description": "Artikelnr.: 5105700 Bio UrDinkelbrot. Zutaten: 59% UrDinkel-Mehlmischung [57.6% UrDinkel -Mehl1, 1% UrDinkel 1 geröstet, Dinkel -Vollkornsauerteig1, Acerolapulver1 (auf Trägerstoff: Maltodextrin)], Wasser, Sonnenblumenkerne1, Leinsamen1, Sesam 1, 2% UrDinkel -Schrot1, Kürbiskerne1, jodiertes Speisesalz, Hefe1, Sonnenblumenöl1, Oblade: (Maisstärke1, Kartoffelstärke1, Kakaopulver1,  Zucker1, Karamell1, Emulgator: Sonnenblumenlecithine1). 1aus kontrolliert ökologischer Landwirtschaft. Kann Spuren von Ei, Erdnüssen, Soja, Milch, Schalenfrüchten (Nüssen), Sellerie, Senf und Sulfiten enthalten. CH-Bio-006. Hergestellt in der Schweiz.",
  "producthierarchy_level1": "Sortiment",
  "producthierarchy_level2": "Sortiment",
  "producthierarchy_level3": "Bio Holzofenbrot UrDinkel",
  "producthierarchy_level4": "",
  "producthierarchy_level5": "",
  "producthierarchy_level6": "",
  "producthierarchy_level7": "",
  "currency": "Swiss franc",
  "file_name_1": "5105700_1.jpg",
  "image_url_1": "https://sortiment.lidl.ch/media/catalog/product/cache/38c728e59b3a47950872534eff8a1e63/5/1/5105700_FKBF.jpg"
},
{
  "_id": {
    "$oid": "66f3abadd23ade1eec560143"
  },
  "unique_id": "118251",
  "product_name": "Ciabatta classic",
  "brand": "",
  "regular_price": 1.99,
  "selling_price": 1.99,
  "price_per_unit": "pro 300g | 100g = 0.67 CHF",
  "breadcrumb": "Sortiment > Sortiment > Ciabatta classic",
  "pdp_url": "https://sortiment.lidl.ch/de/ciabatta-classic-0118251",
  "product_description": "Artikelnr.: 118251 Weizenbrot Zutaten: 57% Weizenmehl, Sauerteig ( Weizenmehl, Wasser, Roggenmehl ), Wasser, Roggenmehl,  Weizendunst, Hefe, Speisesalz, Gerstenmalzmehl,  Gerstenmalzextrakt. Kann Spuren von Ei, Erdnüsse, Soja, Milch, Schalenfrüchte (Nüsse), Sellerie, Senf, Sesam und Sulfiten enthalten. Hergestellt in Deutschland.",
  "producthierarchy_level1": "Sortiment",
  "producthierarchy_level2": "Sortiment",
  "producthierarchy_level3": "Ciabatta classic",
  "producthierarchy_level4": "",
  "producthierarchy_level5": "",
  "producthierarchy_level6": "",
  "producthierarchy_level7": "",
  "currency": "Swiss franc",
  "file_name_1": "118251_1.jpg",
  "image_url_1": "https://sortiment.lidl.ch/media/catalog/product/cache/38c728e59b3a47950872534eff8a1e63/1/1/118251_FKBF.jpg"
},
{
  "_id": {
    "$oid": "66f3abaed23ade1eec560144"
  },
  "unique_id": "92778",
  "product_name": "Krustenbrot",
  "brand": "",
  "regular_price": 2.29,
  "selling_price": 2.29,
  "price_per_unit": "pro 1000g",
  "breadcrumb": "Sortiment > Sortiment > Krustenbrot",
  "pdp_url": "https://sortiment.lidl.ch/de/krustenbrot-0092778",
  "product_description": "Artikelnr.: 92778 Roggenmischbrot mit 36% Roggenmehl. Zutaten: Weizenmehl , Roggenmehl , Roggensauerteig (Wasser, Roggenmehl ), Wasser, Speisesalz, Hefe, Weizengluten , Mehlbehandlungsmittel: Ascorbinsäure. Kann Spuren von Ei, Milch, Erdnüsse, Soja, Schalenfrüchte (Nüsse), Sellerie, Senf, Sesam und Sulfiten enthalten. Hergestellt in Deutschland.",
  "producthierarchy_level1": "Sortiment",
  "producthierarchy_level2": "Sortiment",
  "producthierarchy_level3": "Krustenbrot",
  "producthierarchy_level4": "",
  "producthierarchy_level5": "",
  "producthierarchy_level6": "",
  "producthierarchy_level7": "",
  "currency": "Swiss franc",
  "file_name_1": "92778_1.jpg",
  "image_url_1": "https://sortiment.lidl.ch/media/catalog/product/cache/38c728e59b3a47950872534eff8a1e63/9/2/92778_FKBF.jpg"
},
{
  "_id": {
    "$oid": "66f3abafd23ade1eec560145"
  },
  "unique_id": "92782",
  "product_name": "Kürbiskern-Brötli",
  "brand": "",
  "regular_price": 0.89,
  "selling_price": 0.89,
  "price_per_unit": "pro 80g | 100g = 1.12 CHF",
  "breadcrumb": "Sortiment > Sortiment > Kürbiskern-Brötli",
  "pdp_url": "https://sortiment.lidl.ch/de/kuerbiskern-broetli-0092782",
  "product_description": "Artikelnr.: 92782 Kürbiskernbrötli Zutaten: 50% Weizenmehl , Wasser, 17% Kürbiskerne, Roggenmeh l, Kartoffelflocken, Haferflocken, Rapsöl, Speisesalz, Weizengluten , Dextrose, Hefe, Gerstenmalzmehl, Gerstenmalzextrakt, Weizenmalzmehl, Mehlbehandlungsmittel: Ascorbinsäure. Kann Spuren von Ei, Erdnüsse, Soja, Milch, Schalenfrüchte (Nüsse), Sellerie, Senf, Sesam und Sulfiten enthalten. Hergestellt in Deutschland.",
  "producthierarchy_level1": "Sortiment",
  "producthierarchy_level2": "Sortiment",
  "producthierarchy_level3": "Kürbiskern-Brötli",
  "producthierarchy_level4": "",
  "producthierarchy_level5": "",
  "producthierarchy_level6": "",
  "producthierarchy_level7": "",
  "currency": "Swiss franc",
  "file_name_1": "92782_1.jpg",
  "image_url_1": "https://sortiment.lidl.ch/media/catalog/product/cache/38c728e59b3a47950872534eff8a1e63/9/2/92782_FKBF.jpg"
},
{
  "_id": {
    "$oid": "66f3abb0d23ade1eec560146"
  },
  "unique_id": "55881",
  "product_name": "Laugengipfeli",
  "brand": "",
  "regular_price": 0.79,
  "selling_price": 0.79,
  "price_per_unit": "pro 68g | 100g = 1.17 CHF",
  "breadcrumb": "Sortiment > Sortiment > Laugengipfeli",
  "pdp_url": "https://sortiment.lidl.ch/de/laugengipfeli-0055881",
  "product_description": "Artikelnr.: 55881 Laugengipfel Zutaten: Weizenmehl , 26% Butter , Hefe,  Zucker, Wasser, Speisesalz, Weizenmalzmehl , Magermilchpulver , Weizenstärke , Süssmolkenpulver , Weizenkleber , Gerstenmalzextrakt , Säureregulator: Natriumhydroxid. Kann Spuren von Ei,  Erdnüsse, Soja,  Schalenfrüchte (Nüsse), Sellerie, Senf, Sesam und Sulfiten enthalten. Hergestellt in Deutschland.",
  "producthierarchy_level1": "Sortiment",
  "producthierarchy_level2": "Sortiment",
  "producthierarchy_level3": "Laugengipfeli",
  "producthierarchy_level4": "",
  "producthierarchy_level5": "",
  "producthierarchy_level6": "",
  "producthierarchy_level7": "",
  "currency": "Swiss franc",
  "file_name_1": "55881_1.jpg",
  "image_url_1": "https://sortiment.lidl.ch/media/catalog/product/cache/38c728e59b3a47950872534eff8a1e63/5/5/55881_FKBF.jpg"
},
{
  "_id": {
    "$oid": "66f3abb1d23ade1eec560147"
  },
  "unique_id": "67886",
  "product_name": "Schinken-Käse-Croissant",
  "brand": "",
  "regular_price": 1.49,
  "selling_price": 1.49,
  "price_per_unit": "pro 95g | 100g = 1.57 CHF",
  "breadcrumb": "Sortiment > Sortiment > Schinken-Käse-Croissant",
  "pdp_url": "https://sortiment.lidl.ch/de/schinken-kaese-croissant-0067886",
  "product_description": "Artikelnr.: 67886 Schinken-Käse-Croissant Zutaten: Weizenmehl , 20% Butter , Wasser, 10% Hinterschinken gekocht [Schweinefleisch, Nitritpökelsalz (Speisesalz, Konservierungsstoff: Natriumnitrit), Gewürze, Gewürzextrakt, Dextrose, Säureregulator: gepufferter Essig, Stabilisator: Diphosphate, Antioxidationsmittel: Natriumascorbat], 8,7% Gouda , Zucker, Speisesalz, Hefe, Kartoffelstärke, modifizierte Stärke, Weizenmalzmehl , Weizengluten , Maismehl, Milcheiweiss , Verdickungsmittel: Methylcellulose, Erbseneiweiss, natürliches Käsearoma, Mehlbehandlungsmittel: Ascorbinsäure. Kann Spuren von Ei, Erdnüsse, Soja, Schalenfrüchte (Nüsse), Sellerie, Senf, Sesam und Sulfiten enthalten. Hergestellt in Deutschland.",
  "producthierarchy_level1": "Sortiment",
  "producthierarchy_level2": "Sortiment",
  "producthierarchy_level3": "Schinken-Käse-Croissant",
  "producthierarchy_level4": "",
  "producthierarchy_level5": "",
  "producthierarchy_level6": "",
  "producthierarchy_level7": "",
  "currency": "Swiss franc",
  "file_name_1": "67886_1.jpg",
  "image_url_1": "https://sortiment.lidl.ch/media/catalog/product/cache/38c728e59b3a47950872534eff8a1e63/6/7/67886_FKBF.jpg"
},
{
  "_id": {
    "$oid": "66f3abb2d23ade1eec560148"
  },
  "unique_id": "5104340",
  "product_name": "Schinkengipfeli",
  "brand": "",
  "regular_price": 1.39,
  "selling_price": 1.39,
  "price_per_unit": "pro 70g | 100g = 1.99 CHF",
  "breadcrumb": "Sortiment > Sortiment > Schinkengipfeli",
  "pdp_url": "https://sortiment.lidl.ch/de/schinkengipfeli-5104340",
  "product_description": "Artikelnr.: 5104340 Schinkengipfel. Zutaten: Weizenweissmehl , 20% Schinken [83% Schweinefleisch (Schweiz), Wasser, Nitritpökelsalz (Speisesalz, Konservierungsstoff: Natriumnitrit), Stabilisatoren: Diphosphate, Triphosphate, Antioxidationsmittel: Natriumascorbat, Gewürze, Traubenzucker, Maltodextrin], Wasser, Pflanzenmargarine [pflanzliche Öle (Palm, Raps), Wasser, Emulgatoren: Mono- und Diglyceride von Speisefettsäuren, Polyglycerinester von Speisefettsäuren, Säuerungsmittel: Citronensäure], Eier * pasteurisiert, jodiertes Speisesalz, Senf [Speiseessig, Wasser, Senfsamen , jodiertes Speisesalz, Zucker, Gewürze, Gewürzextrakte] , Palmöl, Weizenkleber , Rapsöl, Gerstenmalzextrakt , Reisstärke, Magermilchpulver , Geschmacksverstärker: Mononatriumglutamat, jodiertes Speisesalz, Kräuter, Gewürze, Kartoffelstärke, Gerstenmalzmehl , Zwiebeln, Backtriebmittel: Ammoniumcarbonate. Kann Spuren von Erdnüsse, Soja, Schalenfrüchte (Nüsse), Sellerie, Sesam und Sulfiten enthalten. *aus Bodenhaltung. Hergestellt in der Schweiz.",
  "producthierarchy_level1": "Sortiment",
  "producthierarchy_level2": "Sortiment",
  "producthierarchy_level3": "Schinkengipfeli",
  "producthierarchy_level4": "",
  "producthierarchy_level5": "",
  "producthierarchy_level6": "",
  "producthierarchy_level7": "",
  "currency": "Swiss franc",
  "file_name_1": "5104340_1.jpg",
  "image_url_1": "https://sortiment.lidl.ch/media/catalog/product/cache/38c728e59b3a47950872534eff8a1e63/5/1/5104340_FKBF.jpg"
},
{
  "_id": {
    "$oid": "66f3abb3d23ade1eec560149"
  },
  "unique_id": "129123",
  "product_name": "Pizza Margherita",
  "brand": "",
  "regular_price": 1.99,
  "selling_price": 1.99,
  "price_per_unit": "pro 160g | 100g = 1.25 CHF",
  "breadcrumb": "Sortiment > Sortiment > Pizza Margherita",
  "pdp_url": "https://sortiment.lidl.ch/de/pizza-margherita-0129123",
  "product_description": "Artikelnr.: 129123 Pizza Margherita Zutaten: Weizenmehl, 20,9% Tomatenfruchtfleisch , Wasser, 18,6% Mozzarella  ( Milch , Milchsäurebakterien, Speisesalz, mikrobielles Lab), Hartweizengriess , Speisesalz, natives Olivenöl extra, Hefe, Oregano. Kann Spuren von Ei, Erdnüsse, Soja, Schalenfrüchte (Nüsse), Sellerie, Senf, Sesam und Sulfiten enthalten. Hergestellt in Italien.",
  "producthierarchy_level1": "Sortiment",
  "producthierarchy_level2": "Sortiment",
  "producthierarchy_level3": "Pizza Margherita",
  "producthierarchy_level4": "",
  "producthierarchy_level5": "",
  "producthierarchy_level6": "",
  "producthierarchy_level7": "",
  "currency": "Swiss franc",
  "file_name_1": "129123_1.jpg",
  "image_url_1": "https://sortiment.lidl.ch/media/catalog/product/cache/38c728e59b3a47950872534eff8a1e63/1/2/129123_FKBF_1.jpg"
},
{
  "_id": {
    "$oid": "66f3abb4d23ade1eec56014a"
  },
  "unique_id": "126949",
  "product_name": "Pizza Calzone Margherita",
  "brand": "",
  "regular_price": 3.99,
  "selling_price": 3.99,
  "price_per_unit": "pro 210g | 100g = 1.90 CHF",
  "breadcrumb": "Sortiment > Sortiment > Pizza Calzone Margherita",
  "pdp_url": "https://sortiment.lidl.ch/de/pizza-calzone-margherita-0126949",
  "product_description": "Artikelnr.: 126949 Calzone Margherita Zutaten: Weizenmehl , 29,6% Mozzarella-Käse ( Milch , Milchsäurebakterien, Speisesalz, Lab), Wasser, 14,8% Tomatenfruchtfleisch, Hartweizengriess , Speisesalz, natives Olivenöl extra, Hefe, Oregano. Kann Spuren von Ei, Erdnüsse, Soja, Schalenfrüchte (Nüsse), Sellerie, Senf, Sesam und Sulfiten enthalten. Hergestellt in Italien",
  "producthierarchy_level1": "Sortiment",
  "producthierarchy_level2": "Sortiment",
  "producthierarchy_level3": "Pizza Calzone Margherita",
  "producthierarchy_level4": "",
  "producthierarchy_level5": "",
  "producthierarchy_level6": "",
  "producthierarchy_level7": "",
  "currency": "Swiss franc",
  "file_name_1": "126949_1.jpg",
  "image_url_1": "https://sortiment.lidl.ch/media/catalog/product/cache/38c728e59b3a47950872534eff8a1e63/1/2/126949_FKBF.jpg"
},
{
  "_id": {
    "$oid": "66f3abb5d23ade1eec56014b"
  },
  "unique_id": "121471",
  "product_name": "Butter Croissant",
  "brand": "",
  "regular_price": 0.69,
  "selling_price": 0.59,
  "price_per_unit": "pro 57g | 100g = 1.04 CHF",
  "breadcrumb": "Sortiment > Sortiment > Butter Croissant",
  "pdp_url": "https://sortiment.lidl.ch/de/butter-croissant-0121471",
  "product_description": "Artikelnr.: 121471 Butter Croissant Zutaten: Weizenmeh l, 27% Butter , Wasser, Zucker, Speisesalz, Hefe, Weizenmalzmehl,  Weizengluten ,  Erbseneiweiss, Mehlbehandlungsmittel: Ascorbinsäure. Kann Spuren von Ei, Erdnüsse, Soja,  Schalenfrüchte (Nüsse), Sellerie, Senf, Sesam und Sulfiten enthalten. Hergestellt in Deutschland.",
  "producthierarchy_level1": "Sortiment",
  "producthierarchy_level2": "Sortiment",
  "producthierarchy_level3": "Butter Croissant",
  "producthierarchy_level4": "",
  "producthierarchy_level5": "",
  "producthierarchy_level6": "",
  "producthierarchy_level7": "",
  "currency": "Swiss franc",
  "file_name_1": "121471_1.jpg",
  "image_url_1": "https://sortiment.lidl.ch/media/catalog/product/cache/38c728e59b3a47950872534eff8a1e63/1/2/121471_FKBF.jpg"
},
{
  "_id": {
    "$oid": "66f3abb6d23ade1eec56014c"
  },
  "unique_id": "106059",
  "product_name": "Mehrkorn Gipfeli",
  "brand": "",
  "regular_price": 0.99,
  "selling_price": 0.99,
  "price_per_unit": "pro 80g | 100g = 1.24 CHF",
  "breadcrumb": "Sortiment > Sortiment > Mehrkorn Gipfeli",
  "pdp_url": "https://sortiment.lidl.ch/de/mehrkorn-gipfeli-0106059",
  "product_description": "Artikelnr.: 106059 Mehrkorngipfel Zutaten: Weizenmehl , 23% Butter , 8% Ölsaaten (Sonnenblumenkerne, Leinsamen, Sesamsamen ), Hefe, Wasser, Zucker, Haferflocken, Roggenmehl, Speisesalz, Roggenschrot, Weizenspeisekleie, Weizenschrot, Sojaschrot, Weizenmalzschrot, Weizenmalzmehl, Weizengluten, Gerstenmalzextrakt, Magermilchpulver, Weizenstärke, Süssmolkenpulver, Gerstenmalzmehl , Gewürze, Kartoffelstärke. Kann Spuren von Erdnüsse, Ei, Schalenfrüchte (Nüsse), Sellerie, Senf, Sulfiten und Lupinen enthalten. Hergestellt in Deutschland.",
  "producthierarchy_level1": "Sortiment",
  "producthierarchy_level2": "Sortiment",
  "producthierarchy_level3": "Mehrkorn Gipfeli",
  "producthierarchy_level4": "",
  "producthierarchy_level5": "",
  "producthierarchy_level6": "",
  "producthierarchy_level7": "",
  "currency": "Swiss franc",
  "file_name_1": "106059_1.jpg",
  "image_url_1": "https://sortiment.lidl.ch/media/catalog/product/cache/38c728e59b3a47950872534eff8a1e63/1/0/106059_FKBF.jpg"
},
{
  "_id": {
    "$oid": "66f3abb7d23ade1eec56014d"
  },
  "unique_id": "3494",
  "product_name": "Knorr Asia Noodles im Becher",
  "brand": "Knorr",
  "regular_price": 3.19,
  "selling_price": 3.19,
  "price_per_unit": "pro 65g | 100g = 4.91 CHF",
  "breadcrumb": "Sortiment > Sortiment > Knorr Asia Noodles im Becher",
  "pdp_url": "https://sortiment.lidl.ch/de/knorr-asia-noodles-im-becher-0003494",
  "product_description": "Artikelnr.: 3494",
  "producthierarchy_level1": "Sortiment",
  "producthierarchy_level2": "Sortiment",
  "producthierarchy_level3": "Knorr Asia Noodles im Becher",
  "producthierarchy_level4": "",
  "producthierarchy_level5": "",
  "producthierarchy_level6": "",
  "producthierarchy_level7": "",
  "currency": "Swiss franc",
  "file_name_1": "3494_1.jpg",
  "image_url_1": "https://sortiment.lidl.ch/media/catalog/product/cache/38c728e59b3a47950872534eff8a1e63/3/4/3494_Chicken_PSXX.jpg",
  "file_name_2": "3494_2.jpg",
  "image_url_2": "https://sortiment.lidl.ch/media/catalog/product/cache/38c728e59b3a47950872534eff8a1e63/3/4/3494_GreenCurry_PSXX_1.jpg",
  "file_name_3": "3494_3.jpg",
  "image_url_3": "https://sortiment.lidl.ch/media/catalog/product/cache/38c728e59b3a47950872534eff8a1e63/3/4/3494_TomKha_PSXX_1.jpg",
  "file_name_4": "3494_4.jpg",
  "image_url_4": "https://sortiment.lidl.ch/media/catalog/product/cache/38c728e59b3a47950872534eff8a1e63/3/4/3494_Vegetable_PSXX_1.jpg"
},
{
  "_id": {
    "$oid": "66f3abb8d23ade1eec56014e"
  },
  "unique_id": "31774",
  "product_name": "Berner Rösti",
  "brand": "Harvest Basket",
  "regular_price": 2.89,
  "selling_price": 2.89,
  "price_per_unit": "pro 500g | 100g = 0.58 CHF",
  "breadcrumb": "Sortiment > Sortiment > Berner Rösti",
  "pdp_url": "https://sortiment.lidl.ch/de/berner-roesti-0031774",
  "product_description": "Artikelnr.: 31774",
  "producthierarchy_level1": "Sortiment",
  "producthierarchy_level2": "Sortiment",
  "producthierarchy_level3": "Berner Rösti",
  "producthierarchy_level4": "",
  "producthierarchy_level5": "",
  "producthierarchy_level6": "",
  "producthierarchy_level7": "",
  "currency": "Swiss franc",
  "file_name_1": "31774_1.jpg",
  "image_url_1": "https://sortiment.lidl.ch/media/catalog/product/cache/38c728e59b3a47950872534eff8a1e63/3/1/31774_harvestbasket_bernerroesti_PSXX.jpg"
},
{
  "_id": {
    "$oid": "66f3abb9d23ade1eec56014f"
  },
  "unique_id": "32341",
  "product_name": "Malbuner Fleischkäse",
  "brand": "Malbuner",
  "regular_price": 1.29,
  "selling_price": 1.29,
  "price_per_unit": "pro 115g | 100g = 1.13 CHF",
  "breadcrumb": "Sortiment > Sortiment > Malbuner Fleischkäse",
  "pdp_url": "https://sortiment.lidl.ch/de/malbuner-fleischkaese-0032341",
  "product_description": "Artikelnr.: 32341",
  "producthierarchy_level1": "Sortiment",
  "producthierarchy_level2": "Sortiment",
  "producthierarchy_level3": "Malbuner Fleischkäse",
  "producthierarchy_level4": "",
  "producthierarchy_level5": "",
  "producthierarchy_level6": "",
  "producthierarchy_level7": "",
  "currency": "Swiss franc",
  "file_name_1": "32341_1.jpg",
  "image_url_1": "https://sortiment.lidl.ch/media/catalog/product/cache/38c728e59b3a47950872534eff8a1e63/3/2/32341_Delikatess_PSXX.jpg",
  "file_name_2": "32341_2.jpg",
  "image_url_2": "https://sortiment.lidl.ch/media/catalog/product/cache/38c728e59b3a47950872534eff8a1e63/3/2/32341_Kalb_PSXX.jpg",
  "file_name_3": "32341_3.jpg",
  "image_url_3": "https://sortiment.lidl.ch/media/catalog/product/cache/38c728e59b3a47950872534eff8a1e63/3/2/32341_Schinken_PSXX.jpg",
  "file_name_4": "32341_4.jpg",
  "image_url_4": "https://sortiment.lidl.ch/media/catalog/product/cache/38c728e59b3a47950872534eff8a1e63/3/2/32341_Truten_PSXX.jpg"
},
{
  "_id": {
    "$oid": "66f3abbad23ade1eec560150"
  },
  "unique_id": "1120",
  "product_name": "Le Parfait Original",
  "brand": "Le Parfait",
  "regular_price": 3.69,
  "selling_price": 3.69,
  "price_per_unit": "pro 200g | 100g = 1.85 CHF",
  "breadcrumb": "Sortiment > Sortiment > Le Parfait Original",
  "pdp_url": "https://sortiment.lidl.ch/de/le-parfait-original-0001120",
  "product_description": "Artikelnr.: 1120",
  "producthierarchy_level1": "Sortiment",
  "producthierarchy_level2": "Sortiment",
  "producthierarchy_level3": "Le Parfait Original",
  "producthierarchy_level4": "",
  "producthierarchy_level5": "",
  "producthierarchy_level6": "",
  "producthierarchy_level7": "",
  "currency": "Swiss franc",
  "file_name_1": "1120_1.jpg",
  "image_url_1": "https://sortiment.lidl.ch/media/catalog/product/cache/38c728e59b3a47950872534eff8a1e63/1/1/1120_PSXX.jpg"
},
{
  "_id": {
    "$oid": "66f3abbbd23ade1eec560151"
  },
  "unique_id": "72858",
  "product_name": "Kaffeebohnen Crema & Aroma",
  "brand": "Bellarom",
  "regular_price": 8.99,
  "selling_price": 8.99,
  "price_per_unit": "pro 1000g",
  "breadcrumb": "Sortiment > Sortiment > Kaffeebohnen Crema & Aroma",
  "pdp_url": "https://sortiment.lidl.ch/de/kaffeebohnen-crema-aroma-0072858",
  "product_description": "Artikelnr.: 72858",
  "producthierarchy_level1": "Sortiment",
  "producthierarchy_level2": "Sortiment",
  "producthierarchy_level3": "Kaffeebohnen Crema & Aroma",
  "producthierarchy_level4": "",
  "producthierarchy_level5": "",
  "producthierarchy_level6": "",
  "producthierarchy_level7": "",
  "currency": "Swiss franc",
  "file_name_1": "72858_1.jpg",
  "image_url_1": "https://sortiment.lidl.ch/media/catalog/product/cache/38c728e59b3a47950872534eff8a1e63/7/2/72858_CremaAroma_Kolli_PSXX.jpg",
  "file_name_2": "72858_2.jpg",
  "image_url_2": "https://sortiment.lidl.ch/media/catalog/product/cache/38c728e59b3a47950872534eff8a1e63/7/2/72858_PSXX.jpg"
},
{
  "_id": {
    "$oid": "66f3abbcd23ade1eec560152"
  },
  "unique_id": "1000",
  "product_name": "Kaffeebohnen Chicco d'Oro",
  "brand": "",
  "regular_price": 16.89,
  "selling_price": 16.89,
  "price_per_unit": "pro 1kg",
  "breadcrumb": "Sortiment > Sortiment > Kaffeebohnen Chicco d'Oro",
  "pdp_url": "https://sortiment.lidl.ch/de/kaffeebohnen-chicco-d-oro-0001000",
  "product_description": "Artikelnr.: 1000",
  "producthierarchy_level1": "Sortiment",
  "producthierarchy_level2": "Sortiment",
  "producthierarchy_level3": "Kaffeebohnen Chicco d'Oro",
  "producthierarchy_level4": "",
  "producthierarchy_level5": "",
  "producthierarchy_level6": "",
  "producthierarchy_level7": "",
  "currency": "Swiss franc",
  "file_name_1": "1000_1.jpg",
  "image_url_1": "https://sortiment.lidl.ch/media/catalog/product/cache/38c728e59b3a47950872534eff8a1e63/1/0/1000_PSXX.jpg"
},
{
  "_id": {
    "$oid": "66f3abbed23ade1eec560153"
  },
  "unique_id": "5106504",
  "product_name": "Nescafé Dolce Gusto Lungo",
  "brand": "Nescafé",
  "regular_price": 11.89,
  "selling_price": 11.89,
  "price_per_unit": "pro 30 Stück | 100g = 39.64, 6.10 CHF",
  "breadcrumb": "Sortiment > Sortiment > Nescafé Dolce Gusto Lungo",
  "pdp_url": "https://sortiment.lidl.ch/de/nescafe-dolce-gusto-lungo-5106504",
  "product_description": "Artikelnr.: 5106504",
  "producthierarchy_level1": "Sortiment",
  "producthierarchy_level2": "Sortiment",
  "producthierarchy_level3": "Nescafé Dolce Gusto Lungo",
  "producthierarchy_level4": "",
  "producthierarchy_level5": "",
  "producthierarchy_level6": "",
  "producthierarchy_level7": "",
  "currency": "Swiss franc",
  "file_name_1": "5106504_1.jpg",
  "image_url_1": "https://sortiment.lidl.ch/media/catalog/product/cache/38c728e59b3a47950872534eff8a1e63/5/1/5106504_Lungo_PSXX.jpg"
},
{
  "_id": {
    "$oid": "66f3abbfd23ade1eec560154"
  },
  "unique_id": "5106503",
  "product_name": "Nescafé Dolce Guesto Grande",
  "brand": "Nescafé",
  "regular_price": 11.89,
  "selling_price": 11.89,
  "price_per_unit": "pro 30 Stück | 100g = 39.64, 4.96 CHF",
  "breadcrumb": "Sortiment > Sortiment > Nescafé Dolce Guesto Grande",
  "pdp_url": "https://sortiment.lidl.ch/de/nescafe-dolce-guesto-grande-5106503",
  "product_description": "Artikelnr.: 5106503",
  "producthierarchy_level1": "Sortiment",
  "producthierarchy_level2": "Sortiment",
  "producthierarchy_level3": "Nescafé Dolce Guesto Grande",
  "producthierarchy_level4": "",
  "producthierarchy_level5": "",
  "producthierarchy_level6": "",
  "producthierarchy_level7": "",
  "currency": "Swiss franc",
  "file_name_1": "5106503_1.jpg",
  "image_url_1": "https://sortiment.lidl.ch/media/catalog/product/cache/38c728e59b3a47950872534eff8a1e63/5/1/5106503_Grande_PSXX.jpg"
},
{
  "_id": {
    "$oid": "66f3abc0d23ade1eec560155"
  },
  "unique_id": "5106502",
  "product_name": "Nescafé Dolce Gusto Cappuccino",
  "brand": "Nescafé",
  "regular_price": 11.89,
  "selling_price": 11.89,
  "price_per_unit": "pro 30 Stück | 100g = 39.64, 3.41, 237.80 CHF",
  "breadcrumb": "Sortiment > Sortiment > Nescafé Dolce Gusto Cappuccino",
  "pdp_url": "https://sortiment.lidl.ch/de/nescafe-dolce-gusto-cappuccino-5106502",
  "product_description": "Artikelnr.: 5106502",
  "producthierarchy_level1": "Sortiment",
  "producthierarchy_level2": "Sortiment",
  "producthierarchy_level3": "Nescafé Dolce Gusto Cappuccino",
  "producthierarchy_level4": "",
  "producthierarchy_level5": "",
  "producthierarchy_level6": "",
  "producthierarchy_level7": "",
  "currency": "Swiss franc",
  "file_name_1": "5106502_1.jpg",
  "image_url_1": "https://sortiment.lidl.ch/media/catalog/product/cache/38c728e59b3a47950872534eff8a1e63/5/1/5106502_PSXX_3.jpg"
},
{
  "_id": {
    "$oid": "66f3abc1d23ade1eec560156"
  },
  "unique_id": "5106501",
  "product_name": "Nescafé Dolce Gusto Café au Lait",
  "brand": "Nescafé",
  "regular_price": 11.89,
  "selling_price": 11.89,
  "price_per_unit": "pro 30 Stück | 100g = 39.64, 3.97 CHF",
  "breadcrumb": "Sortiment > Sortiment > Nescafé Dolce Gusto Café au Lait",
  "pdp_url": "https://sortiment.lidl.ch/de/nescafe-dolce-gusto-cafe-au-lait-5106501",
  "product_description": "Artikelnr.: 5106501",
  "producthierarchy_level1": "Sortiment",
  "producthierarchy_level2": "Sortiment",
  "producthierarchy_level3": "Nescafé Dolce Gusto Café au Lait",
  "producthierarchy_level4": "",
  "producthierarchy_level5": "",
  "producthierarchy_level6": "",
  "producthierarchy_level7": "",
  "currency": "Swiss franc",
  "file_name_1": "5106501_1.jpg",
  "image_url_1": "https://sortiment.lidl.ch/media/catalog/product/cache/38c728e59b3a47950872534eff8a1e63/5/1/5106501_PSXX.jpg",
  "file_name_2": "5106501_2.jpg",
  "image_url_2": "https://sortiment.lidl.ch/media/catalog/product/cache/38c728e59b3a47950872534eff8a1e63/5/1/5106501_mit_Kapsel_PSXX.jpg"
},
{
  "_id": {
    "$oid": "66f3abc2d23ade1eec560157"
  },
  "unique_id": "5106499",
  "product_name": "Nescafé Dolce Gusto Espresso Intenso",
  "brand": "Nescafé",
  "regular_price": 11.89,
  "selling_price": 11.89,
  "price_per_unit": "pro 30 Stück | 100g = 39.64, 5.67 CHF",
  "breadcrumb": "Sortiment > Sortiment > Nescafé Dolce Gusto Espresso Intenso",
  "pdp_url": "https://sortiment.lidl.ch/de/nescafe-dolce-gusto-espresso-intenso-5106499",
  "product_description": "Artikelnr.: 5106499",
  "producthierarchy_level1": "Sortiment",
  "producthierarchy_level2": "Sortiment",
  "producthierarchy_level3": "Nescafé Dolce Gusto Espresso Intenso",
  "producthierarchy_level4": "",
  "producthierarchy_level5": "",
  "producthierarchy_level6": "",
  "producthierarchy_level7": "",
  "currency": "Swiss franc",
  "file_name_1": "5106499_1.jpg",
  "image_url_1": "https://sortiment.lidl.ch/media/catalog/product/cache/38c728e59b3a47950872534eff8a1e63/5/1/5106499_PSXX_3.jpg"
},
{
  "_id": {
    "$oid": "66f3abc3d23ade1eec560158"
  },
  "unique_id": "142024",
  "product_name": "Kaffeebohnen Classico d'Oro",
  "brand": "Bellarom",
  "regular_price": 10.49,
  "selling_price": 10.49,
  "price_per_unit": "pro 1000g",
  "breadcrumb": "Sortiment > Sortiment > Kaffeebohnen Classico d'Oro",
  "pdp_url": "https://sortiment.lidl.ch/de/kaffeebohnen-classico-d-oro-0142024",
  "product_description": "Artikelnr.: 142024",
  "producthierarchy_level1": "Sortiment",
  "producthierarchy_level2": "Sortiment",
  "producthierarchy_level3": "Kaffeebohnen Classico d'Oro",
  "producthierarchy_level4": "",
  "producthierarchy_level5": "",
  "producthierarchy_level6": "",
  "producthierarchy_level7": "",
  "currency": "Swiss franc",
  "file_name_1": "142024_1.jpg",
  "image_url_1": "https://sortiment.lidl.ch/media/catalog/product/cache/38c728e59b3a47950872534eff8a1e63/1/4/142024_PSXX_1.jpg"
},
{
  "_id": {
    "$oid": "66f3abc4d23ade1eec560159"
  },
  "unique_id": "133813",
  "product_name": "Kaffee Gold",
  "brand": "Bellarom",
  "regular_price": 5.49,
  "selling_price": 5.49,
  "price_per_unit": "pro 500g | 100g = 1.10 CHF",
  "breadcrumb": "Sortiment > Sortiment > Kaffee Gold",
  "pdp_url": "https://sortiment.lidl.ch/de/kaffee-gold-0133813",
  "product_description": "Artikelnr.: 133813",
  "producthierarchy_level1": "Sortiment",
  "producthierarchy_level2": "Sortiment",
  "producthierarchy_level3": "Kaffee Gold",
  "producthierarchy_level4": "",
  "producthierarchy_level5": "",
  "producthierarchy_level6": "",
  "producthierarchy_level7": "",
  "currency": "Swiss franc",
  "file_name_1": "133813_1.jpg",
  "image_url_1": "https://sortiment.lidl.ch/media/catalog/product/cache/38c728e59b3a47950872534eff8a1e63/1/3/133813_PSXX.jpg"
},
{
  "_id": {
    "$oid": "66f3abc5d23ade1eec56015a"
  },
  "unique_id": "3857",
  "product_name": "Nescafé Dolce Gusto Espresso Buondi",
  "brand": "Nescafé",
  "regular_price": 11.89,
  "selling_price": 11.89,
  "price_per_unit": "pro 30 Stück | 100g = 39.64, 5.67 CHF",
  "breadcrumb": "Sortiment > Sortiment > Nescafé Dolce Gusto Espresso Buondi",
  "pdp_url": "https://sortiment.lidl.ch/de/nescafe-dolce-gusto-espresso-buondi-0003857",
  "product_description": "Artikelnr.: 3857",
  "producthierarchy_level1": "Sortiment",
  "producthierarchy_level2": "Sortiment",
  "producthierarchy_level3": "Nescafé Dolce Gusto Espresso Buondi",
  "producthierarchy_level4": "",
  "producthierarchy_level5": "",
  "producthierarchy_level6": "",
  "producthierarchy_level7": "",
  "currency": "Swiss franc",
  "file_name_1": "3857_1.jpg",
  "image_url_1": "https://sortiment.lidl.ch/media/catalog/product/cache/38c728e59b3a47950872534eff8a1e63/3/8/3857_Buondi_01_PSXX.jpg",
  "file_name_2": "3857_2.jpg",
  "image_url_2": "https://sortiment.lidl.ch/media/catalog/product/cache/38c728e59b3a47950872534eff8a1e63/3/8/3857_Buondi_02_PSXX.jpg"
},
{
  "_id": {
    "$oid": "66f3abc6d23ade1eec56015b"
  },
  "unique_id": "65268",
  "product_name": "Inst. Cappuccino",
  "brand": "Bellarom",
  "regular_price": 2.79,
  "selling_price": 2.79,
  "price_per_unit": "pro 500g | 100g = 0.56 CHF",
  "breadcrumb": "Sortiment > Sortiment > Inst. Cappuccino",
  "pdp_url": "https://sortiment.lidl.ch/de/inst-cappuccino-0065268",
  "product_description": "Artikelnr.: 65268",
  "producthierarchy_level1": "Sortiment",
  "producthierarchy_level2": "Sortiment",
  "producthierarchy_level3": "Inst. Cappuccino",
  "producthierarchy_level4": "",
  "producthierarchy_level5": "",
  "producthierarchy_level6": "",
  "producthierarchy_level7": "",
  "currency": "Swiss franc",
  "file_name_1": "65268_1.jpg",
  "image_url_1": "https://sortiment.lidl.ch/media/catalog/product/cache/38c728e59b3a47950872534eff8a1e63/6/5/65268_Caramel_PSXX.jpg",
  "file_name_2": "65268_2.jpg",
  "image_url_2": "https://sortiment.lidl.ch/media/catalog/product/cache/38c728e59b3a47950872534eff8a1e63/6/5/65268_Choco_PSXX.jpg",
  "file_name_3": "65268_3.jpg",
  "image_url_3": "https://sortiment.lidl.ch/media/catalog/product/cache/38c728e59b3a47950872534eff8a1e63/6/5/65268_LatteMacciato_PSXX.jpg",
  "file_name_4": "65268_4.jpg",
  "image_url_4": "https://sortiment.lidl.ch/media/catalog/product/cache/38c728e59b3a47950872534eff8a1e63/6/5/65268_White_PSXX.jpg"
},
{
  "_id": {
    "$oid": "66f3abc7d23ade1eec56015c"
  },
  "unique_id": "2792",
  "product_name": "Nescafé Kaffee-Spezialitäten",
  "brand": "Nescafé",
  "regular_price": 4.19,
  "selling_price": 4.19,
  "price_per_unit": "pro 125g, 144g | 100g = 3.36, 2.91 CHF",
  "breadcrumb": "Sortiment > Sortiment > Nescafé Kaffee-Spezialitäten",
  "pdp_url": "https://sortiment.lidl.ch/de/nescafe-kaffee-spezialitaeten-0002792",
  "product_description": "Artikelnr.: 2792",
  "producthierarchy_level1": "Sortiment",
  "producthierarchy_level2": "Sortiment",
  "producthierarchy_level3": "Nescafé Kaffee-Spezialitäten",
  "producthierarchy_level4": "",
  "producthierarchy_level5": "",
  "producthierarchy_level6": "",
  "producthierarchy_level7": "",
  "currency": "Swiss franc",
  "file_name_1": "2792_1.jpg",
  "image_url_1": "https://sortiment.lidl.ch/media/catalog/product/cache/38c728e59b3a47950872534eff8a1e63/2/7/2792_Cappucchino_Chocolate_PSXX.jpg",
  "file_name_2": "2792_2.jpg",
  "image_url_2": "https://sortiment.lidl.ch/media/catalog/product/cache/38c728e59b3a47950872534eff8a1e63/2/7/2792_Cappuccino_PSXX.jpg",
  "file_name_3": "2792_3.jpg",
  "image_url_3": "https://sortiment.lidl.ch/media/catalog/product/cache/38c728e59b3a47950872534eff8a1e63/2/7/2792_Latte_PSXX_1.jpg",
  "file_name_4": "2792_4.jpg",
  "image_url_4": "https://sortiment.lidl.ch/media/catalog/product/cache/38c728e59b3a47950872534eff8a1e63/2/7/2792_Mocha_PSXX_1.jpg"
},
{
  "_id": {
    "$oid": "66f3abc8d23ade1eec56015d"
  },
  "unique_id": "1837",
  "product_name": "Nescafé Gold",
  "brand": "Nescafé",
  "regular_price": 13.95,
  "selling_price": 13.95,
  "price_per_unit": "pro 200g | 100g = 6.98 CHF",
  "breadcrumb": "Sortiment > Sortiment > Nescafé Gold",
  "pdp_url": "https://sortiment.lidl.ch/de/nescafe-gold-0001837",
  "product_description": "Artikelnr.: 1837",
  "producthierarchy_level1": "Sortiment",
  "producthierarchy_level2": "Sortiment",
  "producthierarchy_level3": "Nescafé Gold",
  "producthierarchy_level4": "",
  "producthierarchy_level5": "",
  "producthierarchy_level6": "",
  "producthierarchy_level7": "",
  "currency": "Swiss franc",
  "file_name_1": "1837_1.jpg",
  "image_url_1": "https://sortiment.lidl.ch/media/catalog/product/cache/38c728e59b3a47950872534eff8a1e63/1/8/1837_Decaf_PSXX.jpg",
  "file_name_2": "1837_2.jpg",
  "image_url_2": "https://sortiment.lidl.ch/media/catalog/product/cache/38c728e59b3a47950872534eff8a1e63/1/8/1837_Finesse_PSXX.jpg"
},
{
  "_id": {
    "$oid": "66f3abc9d23ade1eec56015e"
  },
  "unique_id": "3762",
  "product_name": "Nescafé Dolce Gusto Espresso",
  "brand": "Nescafé",
  "regular_price": 11.89,
  "selling_price": 11.89,
  "price_per_unit": "pro 30 Stück | 100g = 39.64, 7.21 CHF",
  "breadcrumb": "Sortiment > Sortiment > Nescafé Dolce Gusto Espresso",
  "pdp_url": "https://sortiment.lidl.ch/de/nescafe-dolce-gusto-espresso-0003762",
  "product_description": "Artikelnr.: 3762",
  "producthierarchy_level1": "Sortiment",
  "producthierarchy_level2": "Sortiment",
  "producthierarchy_level3": "Nescafé Dolce Gusto Espresso",
  "producthierarchy_level4": "",
  "producthierarchy_level5": "",
  "producthierarchy_level6": "",
  "producthierarchy_level7": "",
  "currency": "Swiss franc",
  "file_name_1": "3762_1.jpg",
  "image_url_1": "https://sortiment.lidl.ch/media/catalog/product/cache/38c728e59b3a47950872534eff8a1e63/3/7/3762_PSXX.jpg"
},
{
  "_id": {
    "$oid": "66f3abcad23ade1eec56015f"
  },
  "unique_id": "1105",
  "product_name": "Incarom Original",
  "brand": "Incarom",
  "regular_price": 12.95,
  "selling_price": 12.95,
  "price_per_unit": "pro 2x275g | 100g = 2.36 CHF",
  "breadcrumb": "Sortiment > Sortiment > Incarom Original",
  "pdp_url": "https://sortiment.lidl.ch/de/incarom-original-0001105",
  "product_description": "Artikelnr.: 1105",
  "producthierarchy_level1": "Sortiment",
  "producthierarchy_level2": "Sortiment",
  "producthierarchy_level3": "Incarom Original",
  "producthierarchy_level4": "",
  "producthierarchy_level5": "",
  "producthierarchy_level6": "",
  "producthierarchy_level7": "",
  "currency": "Swiss franc",
  "file_name_1": "1105_1.jpg",
  "image_url_1": "https://sortiment.lidl.ch/media/catalog/product/cache/38c728e59b3a47950872534eff8a1e63/1/1/1105_PSXX.jpg"
},
{
  "_id": {
    "$oid": "66f3abcbd23ade1eec560160"
  },
  "unique_id": "1099",
  "product_name": "Nescafé Gold de Luxe",
  "brand": "Nescafé",
  "regular_price": 13.95,
  "selling_price": 13.95,
  "price_per_unit": "pro 200g | 100g = 6.98 CHF",
  "breadcrumb": "Sortiment > Sortiment > Nescafé Gold de Luxe",
  "pdp_url": "https://sortiment.lidl.ch/de/nescafe-gold-de-luxe-0001099",
  "product_description": "Artikelnr.: 1099",
  "producthierarchy_level1": "Sortiment",
  "producthierarchy_level2": "Sortiment",
  "producthierarchy_level3": "Nescafé Gold de Luxe",
  "producthierarchy_level4": "",
  "producthierarchy_level5": "",
  "producthierarchy_level6": "",
  "producthierarchy_level7": "",
  "currency": "Swiss franc",
  "file_name_1": "1099_1.jpg",
  "image_url_1": "https://sortiment.lidl.ch/media/catalog/product/cache/38c728e59b3a47950872534eff8a1e63/1/0/1099_DeLuxe_PSXX.jpg"
},
{
  "_id": {
    "$oid": "66f3abccd23ade1eec560161"
  },
  "unique_id": "2530",
  "product_name": "Ricola Instant Tee",
  "brand": "Ricola",
  "regular_price": 3.89,
  "selling_price": 3.89,
  "price_per_unit": "pro 200g | 100g = 1.95 CHF",
  "breadcrumb": "Sortiment > Sortiment > Ricola Instant Tee",
  "pdp_url": "https://sortiment.lidl.ch/de/ricola-instant-tee-0002530",
  "product_description": "Artikelnr.: 2530",
  "producthierarchy_level1": "Sortiment",
  "producthierarchy_level2": "Sortiment",
  "producthierarchy_level3": "Ricola Instant Tee",
  "producthierarchy_level4": "",
  "producthierarchy_level5": "",
  "producthierarchy_level6": "",
  "producthierarchy_level7": "",
  "currency": "Swiss franc",
  "file_name_1": "2530_1.jpg",
  "image_url_1": "https://sortiment.lidl.ch/media/catalog/product/cache/38c728e59b3a47950872534eff8a1e63/2/5/2530_Gute_Nacht_PSXX.jpg",
  "file_name_2": "2530_2.jpg",
  "image_url_2": "https://sortiment.lidl.ch/media/catalog/product/cache/38c728e59b3a47950872534eff8a1e63/2/5/2530_Holunder_PSXX.jpg",
  "file_name_3": "2530_3.jpg",
  "image_url_3": "https://sortiment.lidl.ch/media/catalog/product/cache/38c728e59b3a47950872534eff8a1e63/2/5/2530_Kreauter_PSXX.jpg",
  "file_name_4": "2530_4.jpg",
  "image_url_4": "https://sortiment.lidl.ch/media/catalog/product/cache/38c728e59b3a47950872534eff8a1e63/2/5/2530_Zitronenmelisse_PSXX.jpg"
},
{
  "_id": {
    "$oid": "66f3abcdd23ade1eec560162"
  },
  "unique_id": "19725",
  "product_name": "Kräutertee",
  "brand": "Lord Nelson",
  "regular_price": 1.35,
  "selling_price": 1.35,
  "price_per_unit": "pro 25x2g | 100g = 3.14, 1.80, 2.70 CHF",
  "breadcrumb": "Sortiment > Sortiment > Kräutertee",
  "pdp_url": "https://sortiment.lidl.ch/de/kraeutertee-0019725",
  "product_description": "Artikelnr.: 19725",
  "producthierarchy_level1": "Sortiment",
  "producthierarchy_level2": "Sortiment",
  "producthierarchy_level3": "Kräutertee",
  "producthierarchy_level4": "",
  "producthierarchy_level5": "",
  "producthierarchy_level6": "",
  "producthierarchy_level7": "",
  "currency": "Swiss franc",
  "file_name_1": "19725_1.jpg",
  "image_url_1": "https://sortiment.lidl.ch/media/catalog/product/cache/38c728e59b3a47950872534eff8a1e63/1/9/19725_Kraeuter_PSXX_1.jpg",
  "file_name_2": "19725_2.jpg",
  "image_url_2": "https://sortiment.lidl.ch/media/catalog/product/cache/38c728e59b3a47950872534eff8a1e63/1/9/19725_Melisse_PSXX_1.jpg"
},
{
  "_id": {
    "$oid": "66f3abced23ade1eec560163"
  },
  "unique_id": "70905",
  "product_name": "Bio Fairtrade Tee",
  "brand": "Fairglobe",
  "regular_price": 1.99,
  "selling_price": 1.99,
  "price_per_unit": "pro 25x1,75g, 25x2g | 100g = 4.63, 2.66, 3.98 CHF",
  "breadcrumb": "Sortiment > Sortiment > Bio Fairtrade Tee",
  "pdp_url": "https://sortiment.lidl.ch/de/bio-fairtrade-tee-0070905",
  "product_description": "Artikelnr.: 70905",
  "producthierarchy_level1": "Sortiment",
  "producthierarchy_level2": "Sortiment",
  "producthierarchy_level3": "Bio Fairtrade Tee",
  "producthierarchy_level4": "",
  "producthierarchy_level5": "",
  "producthierarchy_level6": "",
  "producthierarchy_level7": "",
  "currency": "Swiss franc",
  "file_name_1": "70905_1.jpg",
  "image_url_1": "https://sortiment.lidl.ch/media/catalog/product/cache/38c728e59b3a47950872534eff8a1e63/7/0/70905_Darjeeling_PSXX.jpg",
  "file_name_2": "70905_2.jpg",
  "image_url_2": "https://sortiment.lidl.ch/media/catalog/product/cache/38c728e59b3a47950872534eff8a1e63/7/0/70905_Earl_Grey_PSXX.jpg",
  "file_name_3": "70905_3.jpg",
  "image_url_3": "https://sortiment.lidl.ch/media/catalog/product/cache/38c728e59b3a47950872534eff8a1e63/7/0/70905_Gruener_Tee_PSXX.jpg"
},
{
  "_id": {
    "$oid": "66f3abcfd23ade1eec560164"
  },
  "unique_id": "142924",
  "product_name": "Breakfast Tea Ceylon-Assam",
  "brand": "Lord Nelson",
  "regular_price": 0.85,
  "selling_price": 0.85,
  "price_per_unit": "pro 50x1,75g | 100g = 0.98, 17.00 CHF",
  "breadcrumb": "Sortiment > Sortiment > Breakfast Tea Ceylon-Assam",
  "pdp_url": "https://sortiment.lidl.ch/de/breakfast-tea-ceylon-assam-0142924",
  "product_description": "Artikelnr.: 142924",
  "producthierarchy_level1": "Sortiment",
  "producthierarchy_level2": "Sortiment",
  "producthierarchy_level3": "Breakfast Tea Ceylon-Assam",
  "producthierarchy_level4": "",
  "producthierarchy_level5": "",
  "producthierarchy_level6": "",
  "producthierarchy_level7": "",
  "currency": "Swiss franc",
  "file_name_1": "142924_1.jpg",
  "image_url_1": "https://sortiment.lidl.ch/media/catalog/product/cache/38c728e59b3a47950872534eff8a1e63/1/4/142924_PSXX.jpg"
},
{
  "_id": {
    "$oid": "66f3abd0d23ade1eec560165"
  },
  "unique_id": "1107",
  "product_name": "Nesquik Kakaopulver",
  "brand": "Nesquik",
  "regular_price": 9.25,
  "selling_price": 9.25,
  "price_per_unit": "pro 1kg",
  "breadcrumb": "Sortiment > Sortiment > Nesquik Kakaopulver",
  "pdp_url": "https://sortiment.lidl.ch/de/nesquik-kakaopulver-0001107",
  "product_description": "Artikelnr.: 1107",
  "producthierarchy_level1": "Sortiment",
  "producthierarchy_level2": "Sortiment",
  "producthierarchy_level3": "Nesquik Kakaopulver",
  "producthierarchy_level4": "",
  "producthierarchy_level5": "",
  "producthierarchy_level6": "",
  "producthierarchy_level7": "",
  "currency": "Swiss franc",
  "file_name_1": "1107_1.jpg",
  "image_url_1": "https://sortiment.lidl.ch/media/catalog/product/cache/38c728e59b3a47950872534eff8a1e63/1/1/1107_PSXX.jpg"
},
{
  "_id": {
    "$oid": "66f3abd1d23ade1eec560166"
  },
  "unique_id": "25310",
  "product_name": "Pastete",
  "brand": "Orlando",
  "regular_price": 0.75,
  "selling_price": 0.75,
  "price_per_unit": "pro 300g | 100g = 0.25 CHF",
  "breadcrumb": "Sortiment > Sortiment > Pastete",
  "pdp_url": "https://sortiment.lidl.ch/de/pastete-0025310",
  "product_description": "Artikelnr.: 25310",
  "producthierarchy_level1": "Sortiment",
  "producthierarchy_level2": "Sortiment",
  "producthierarchy_level3": "Pastete",
  "producthierarchy_level4": "",
  "producthierarchy_level5": "",
  "producthierarchy_level6": "",
  "producthierarchy_level7": "",
  "currency": "Swiss franc",
  "file_name_1": "25310_1.jpg",
  "image_url_1": "https://sortiment.lidl.ch/media/catalog/product/cache/38c728e59b3a47950872534eff8a1e63/2/5/25310_GefluegelRind_PSXX.jpg",
  "file_name_2": "25310_2.jpg",
  "image_url_2": "https://sortiment.lidl.ch/media/catalog/product/cache/38c728e59b3a47950872534eff8a1e63/2/5/25310_Gefluegel_Rind_PSXX.jpg",
  "file_name_3": "25310_3.jpg",
  "image_url_3": "https://sortiment.lidl.ch/media/catalog/product/cache/38c728e59b3a47950872534eff8a1e63/2/5/25310_Huhn_PSXX.jpg",
  "file_name_4": "25310_4.jpg",
  "image_url_4": "https://sortiment.lidl.ch/media/catalog/product/cache/38c728e59b3a47950872534eff8a1e63/2/5/25310_KalbHuhn_PSXX.jpg",
  "file_name_5": "25310_5.jpg",
  "image_url_5": "https://sortiment.lidl.ch/media/catalog/product/cache/38c728e59b3a47950872534eff8a1e63/2/5/25310_Kalb_Huhn_PSXX.jpg",
  "file_name_6": "25310_6.jpg",
  "image_url_6": "https://sortiment.lidl.ch/media/catalog/product/cache/38c728e59b3a47950872534eff8a1e63/2/5/25310_Lamm_PSXX.jpg",
  "file_name_7": "25310_7.jpg",
  "image_url_7": "https://sortiment.lidl.ch/media/catalog/product/cache/38c728e59b3a47950872534eff8a1e63/2/5/25310_Poulet_Reis_PSXX.jpg",
  "file_name_8": "25310_8.jpg",
  "image_url_8": "https://sortiment.lidl.ch/media/catalog/product/cache/38c728e59b3a47950872534eff8a1e63/2/5/25310_RindLeber_PSXX.jpg",
  "file_name_9": "25310_9.jpg",
  "image_url_9": "https://sortiment.lidl.ch/media/catalog/product/cache/38c728e59b3a47950872534eff8a1e63/2/5/25310_Rind_Kartoffel_PSXX.jpg",
  "file_name_10": "25310_10.jpg",
  "image_url_10": "https://sortiment.lidl.ch/media/catalog/product/cache/38c728e59b3a47950872534eff8a1e63/2/5/25310_Rind_Leber_PSXX.jpg",
  "file_name_11": "25310_11.jpg",
  "image_url_11": "https://sortiment.lidl.ch/media/catalog/product/cache/38c728e59b3a47950872534eff8a1e63/2/5/25310_Rind_PSXX.jpg"
},
{
  "_id": {
    "$oid": "66f3abd3d23ade1eec560167"
  },
  "unique_id": "25285",
  "product_name": "Premium Katzenvollnahrung",
  "brand": "Coshida Selection",
  "regular_price": 1.19,
  "selling_price": 1.19,
  "price_per_unit": "pro 415g | 100g = 0.29 CHF",
  "breadcrumb": "Sortiment > Sortiment > Premium Katzenvollnahrung",
  "pdp_url": "https://sortiment.lidl.ch/de/premium-katzenvollnahrung-0025285",
  "product_description": "Artikelnr.: 25285",
  "producthierarchy_level1": "Sortiment",
  "producthierarchy_level2": "Sortiment",
  "producthierarchy_level3": "Premium Katzenvollnahrung",
  "producthierarchy_level4": "",
  "producthierarchy_level5": "",
  "producthierarchy_level6": "",
  "producthierarchy_level7": "",
  "currency": "Swiss franc",
  "file_name_1": "25285_1.jpg",
  "image_url_1": "https://sortiment.lidl.ch/media/catalog/product/cache/38c728e59b3a47950872534eff8a1e63/2/5/25285_Ente_Gefluegel_PSXX.jpg",
  "file_name_2": "25285_2.jpg",
  "image_url_2": "https://sortiment.lidl.ch/media/catalog/product/cache/38c728e59b3a47950872534eff8a1e63/2/5/25285_Huehnchen_Karottengelee_PSXX.jpg",
  "file_name_3": "25285_3.jpg",
  "image_url_3": "https://sortiment.lidl.ch/media/catalog/product/cache/38c728e59b3a47950872534eff8a1e63/2/5/25285_Huhn_in_Sauce_PSXX.jpg",
  "file_name_4": "25285_4.jpg",
  "image_url_4": "https://sortiment.lidl.ch/media/catalog/product/cache/38c728e59b3a47950872534eff8a1e63/2/5/25285_MSC_Seelachs_PSXX.jpg",
  "file_name_5": "25285_5.jpg",
  "image_url_5": "https://sortiment.lidl.ch/media/catalog/product/cache/38c728e59b3a47950872534eff8a1e63/2/5/25285_Rind_Leber_PSXX.jpg"
},
{
  "_id": {
    "$oid": "66f3abd4d23ade1eec560168"
  },
  "unique_id": "25258",
  "product_name": "Katzenvollnahrung in Sauce",
  "brand": "Coshida",
  "regular_price": 0.69,
  "selling_price": 0.69,
  "price_per_unit": "pro 415g | 100g = 0.17 CHF",
  "breadcrumb": "Sortiment > Sortiment > Katzenvollnahrung in Sauce",
  "pdp_url": "https://sortiment.lidl.ch/de/katzenvollnahrung-in-sauce-0025258",
  "product_description": "Artikelnr.: 25258",
  "producthierarchy_level1": "Sortiment",
  "producthierarchy_level2": "Sortiment",
  "producthierarchy_level3": "Katzenvollnahrung in Sauce",
  "producthierarchy_level4": "",
  "producthierarchy_level5": "",
  "producthierarchy_level6": "",
  "producthierarchy_level7": "",
  "currency": "Swiss franc",
  "file_name_1": "25258_1.jpg",
  "image_url_1": "https://sortiment.lidl.ch/media/catalog/product/cache/38c728e59b3a47950872534eff8a1e63/2/5/25258_Kalb_Gefluegel_PSXX.jpg",
  "file_name_2": "25258_2.jpg",
  "image_url_2": "https://sortiment.lidl.ch/media/catalog/product/cache/38c728e59b3a47950872534eff8a1e63/2/5/25258_Poulet_PSXX_1.jpg",
  "file_name_3": "25258_3.jpg",
  "image_url_3": "https://sortiment.lidl.ch/media/catalog/product/cache/38c728e59b3a47950872534eff8a1e63/2/5/25258_Rind_Leber_PSXX.jpg",
  "file_name_4": "25258_4.jpg",
  "image_url_4": "https://sortiment.lidl.ch/media/catalog/product/cache/38c728e59b3a47950872534eff8a1e63/2/5/25258_Seelachs_PSXX_1.jpg"
},
{
  "_id": {
    "$oid": "66f3abd5d23ade1eec560169"
  },
  "unique_id": "25243",
  "product_name": "Pastete / Ragout",
  "brand": "Coshida",
  "regular_price": 0.25,
  "selling_price": 0.25,
  "price_per_unit": "pro 100g",
  "breadcrumb": "Sortiment > Sortiment > Pastete / Ragout",
  "pdp_url": "https://sortiment.lidl.ch/de/pastete-ragout-0025243",
  "product_description": "Artikelnr.: 25243",
  "producthierarchy_level1": "Sortiment",
  "producthierarchy_level2": "Sortiment",
  "producthierarchy_level3": "Pastete / Ragout",
  "producthierarchy_level4": "",
  "producthierarchy_level5": "",
  "producthierarchy_level6": "",
  "producthierarchy_level7": "",
  "currency": "Swiss franc",
  "file_name_1": "25243_1.jpg",
  "image_url_1": "https://sortiment.lidl.ch/media/catalog/product/cache/38c728e59b3a47950872534eff8a1e63/2/5/25243_Gefluegel_PSXX.jpg",
  "file_name_2": "25243_2.jpg",
  "image_url_2": "https://sortiment.lidl.ch/media/catalog/product/cache/38c728e59b3a47950872534eff8a1e63/2/5/25243_Kalb_Poulet_PSXX.jpg",
  "file_name_3": "25243_3.jpg",
  "image_url_3": "https://sortiment.lidl.ch/media/catalog/product/cache/38c728e59b3a47950872534eff8a1e63/2/5/25243_Lamm_Reis_PSXX.jpg",
  "file_name_4": "25243_4.jpg",
  "image_url_4": "https://sortiment.lidl.ch/media/catalog/product/cache/38c728e59b3a47950872534eff8a1e63/2/5/25243_Ragout_Junior_Kalb_PSXX.jpg",
  "file_name_5": "25243_5.jpg",
  "image_url_5": "https://sortiment.lidl.ch/media/catalog/product/cache/38c728e59b3a47950872534eff8a1e63/2/5/25243_Ragout_Pute_PSXX.jpg",
  "file_name_6": "25243_6.jpg",
  "image_url_6": "https://sortiment.lidl.ch/media/catalog/product/cache/38c728e59b3a47950872534eff8a1e63/2/5/25243_Ragout_Senior_Gefluegel_PSXX.jpg",
  "file_name_7": "25243_7.jpg",
  "image_url_7": "https://sortiment.lidl.ch/media/catalog/product/cache/38c728e59b3a47950872534eff8a1e63/2/5/25243_Rind_PSXX.jpg",
  "file_name_8": "25243_8.jpg",
  "image_url_8": "https://sortiment.lidl.ch/media/catalog/product/cache/38c728e59b3a47950872534eff8a1e63/2/5/25243_Senior_Gefluegel_PSXX.jpg",
  "file_name_9": "25243_9.jpg",
  "image_url_9": "https://sortiment.lidl.ch/media/catalog/product/cache/38c728e59b3a47950872534eff8a1e63/2/5/25243_Sensitiv_Lamm_PSXX.jpg",
  "file_name_10": "25243_10.jpg",
  "image_url_10": "https://sortiment.lidl.ch/media/catalog/product/cache/38c728e59b3a47950872534eff8a1e63/2/5/25243_Sensitiv_Pute_PSXX.jpg",
  "file_name_11": "25243_11.jpg",
  "image_url_11": "https://sortiment.lidl.ch/media/catalog/product/cache/38c728e59b3a47950872534eff8a1e63/2/5/25243_Truthan_PSXX.jpg",
  "file_name_12": "25243_12.jpg",
  "image_url_12": "https://sortiment.lidl.ch/media/catalog/product/cache/38c728e59b3a47950872534eff8a1e63/2/5/25243_Wild_PSXX.jpg",
  "file_name_13": "25243_13.jpg",
  "image_url_13": "https://sortiment.lidl.ch/media/catalog/product/cache/38c728e59b3a47950872534eff8a1e63/2/5/25243_Wild_auf_Aspik_PSXX.jpg"
},
{
  "_id": {
    "$oid": "66f3abd6d23ade1eec56016a"
  },
  "unique_id": "3507",
  "product_name": "Gourmet Gold Katzennahrung",
  "brand": "Gourmet Gold",
  "regular_price": 7.39,
  "selling_price": 7.39,
  "price_per_unit": "pro 8x85g | 100g = 1.09 CHF",
  "breadcrumb": "Sortiment > Sortiment > Gourmet Gold Katzennahrung",
  "pdp_url": "https://sortiment.lidl.ch/de/gourmet-gold-katzennahrung-0003507",
  "product_description": "Artikelnr.: 3507",
  "producthierarchy_level1": "Sortiment",
  "producthierarchy_level2": "Sortiment",
  "producthierarchy_level3": "Gourmet Gold Katzennahrung",
  "producthierarchy_level4": "",
  "producthierarchy_level5": "",
  "producthierarchy_level6": "",
  "producthierarchy_level7": "",
  "currency": "Swiss franc",
  "file_name_1": "3507_1.jpg",
  "image_url_1": "https://sortiment.lidl.ch/media/catalog/product/cache/38c728e59b3a47950872534eff8a1e63/3/5/3507_Haeppchen_PSXX.jpg",
  "file_name_2": "3507_2.jpg",
  "image_url_2": "https://sortiment.lidl.ch/media/catalog/product/cache/38c728e59b3a47950872534eff8a1e63/3/5/3507_Pastete_Mousse_PSXX.jpg"
},
{
  "_id": {
    "$oid": "66f3abd7d23ade1eec56016b"
  },
  "unique_id": "3626",
  "product_name": "Gourmet Perle Katzennahrung in Sauce",
  "brand": "Gourmet Perle",
  "regular_price": 8.69,
  "selling_price": 8.69,
  "price_per_unit": "pro 8x85g | 100g = 1.28 CHF",
  "breadcrumb": "Sortiment > Sortiment > Gourmet Perle Katzennahrung in Sauce",
  "pdp_url": "https://sortiment.lidl.ch/de/gourmet-perle-katzennahrung-in-sauce-0003626",
  "product_description": "Artikelnr.: 3626",
  "producthierarchy_level1": "Sortiment",
  "producthierarchy_level2": "Sortiment",
  "producthierarchy_level3": "Gourmet Perle Katzennahrung in Sauce",
  "producthierarchy_level4": "",
  "producthierarchy_level5": "",
  "producthierarchy_level6": "",
  "producthierarchy_level7": "",
  "currency": "Swiss franc",
  "file_name_1": "3626_1.jpg",
  "image_url_1": "https://sortiment.lidl.ch/media/catalog/product/cache/38c728e59b3a47950872534eff8a1e63/3/6/3626_Fleisch_PSXX.jpg",
  "file_name_2": "3626_2.jpg",
  "image_url_2": "https://sortiment.lidl.ch/media/catalog/product/cache/38c728e59b3a47950872534eff8a1e63/3/6/3626_Gemuese_PSXX.jpg"
},
{
  "_id": {
    "$oid": "66f3abd8d23ade1eec56016c"
  },
  "unique_id": "130809",
  "product_name": "Snacks für Hunde",
  "brand": "Orlando",
  "regular_price": 0.99,
  "selling_price": 0.99,
  "price_per_unit": "pro 100g, 150g, 200g | 100g = 0.99, 0.66, 0.50 CHF",
  "breadcrumb": "Sortiment > Sortiment > Snacks für Hunde",
  "pdp_url": "https://sortiment.lidl.ch/de/snacks-fuer-hunde-0130809",
  "product_description": "Artikelnr.: 130809",
  "producthierarchy_level1": "Sortiment",
  "producthierarchy_level2": "Sortiment",
  "producthierarchy_level3": "Snacks für Hunde",
  "producthierarchy_level4": "",
  "producthierarchy_level5": "",
  "producthierarchy_level6": "",
  "producthierarchy_level7": "",
  "currency": "Swiss franc",
  "file_name_1": "130809_1.jpg",
  "image_url_1": "https://sortiment.lidl.ch/media/catalog/product/cache/38c728e59b3a47950872534eff8a1e63/1/3/130809_Fleischstreifen_Gefluegel_PSXX.jpg",
  "file_name_2": "130809_2.jpg",
  "image_url_2": "https://sortiment.lidl.ch/media/catalog/product/cache/38c728e59b3a47950872534eff8a1e63/1/3/130809_Fleischstreifen_Rind_PSXX.jpg",
  "file_name_3": "130809_3.jpg",
  "image_url_3": "https://sortiment.lidl.ch/media/catalog/product/cache/38c728e59b3a47950872534eff8a1e63/1/3/130809_Gefluegel_PSXX.jpg",
  "file_name_4": "130809_4.jpg",
  "image_url_4": "https://sortiment.lidl.ch/media/catalog/product/cache/38c728e59b3a47950872534eff8a1e63/1/3/130809_Rind_PSXX.jpg",
  "file_name_5": "130809_5.jpg",
  "image_url_5": "https://sortiment.lidl.ch/media/catalog/product/cache/38c728e59b3a47950872534eff8a1e63/1/3/130809_Trainingssnack_Pansen_PSXX.jpg",
  "file_name_6": "130809_6.jpg",
  "image_url_6": "https://sortiment.lidl.ch/media/catalog/product/cache/38c728e59b3a47950872534eff8a1e63/1/3/130809_Trainingssnack_Poulet_PSXX.jpg",
  "file_name_7": "130809_7.jpg",
  "image_url_7": "https://sortiment.lidl.ch/media/catalog/product/cache/38c728e59b3a47950872534eff8a1e63/1/3/130809_Twister_Wild_Gefluegel_PSXX.jpg"
},
{
  "_id": {
    "$oid": "66f3abdad23ade1eec56016d"
  },
  "unique_id": "55891",
  "product_name": "Hunde Sticks",
  "brand": "Orlando",
  "regular_price": 1.79,
  "selling_price": 1.79,
  "price_per_unit": "pro 88g | 100g = 2.04 CHF",
  "breadcrumb": "Sortiment > Sortiment > Hunde Sticks",
  "pdp_url": "https://sortiment.lidl.ch/de/hunde-sticks-0055891",
  "product_description": "Artikelnr.: 55891",
  "producthierarchy_level1": "Sortiment",
  "producthierarchy_level2": "Sortiment",
  "producthierarchy_level3": "Hunde Sticks",
  "producthierarchy_level4": "",
  "producthierarchy_level5": "",
  "producthierarchy_level6": "",
  "producthierarchy_level7": "",
  "currency": "Swiss franc",
  "file_name_1": "55891_1.jpg",
  "image_url_1": "https://sortiment.lidl.ch/media/catalog/product/cache/38c728e59b3a47950872534eff8a1e63/5/5/55891_Beef_PSXX.jpg",
  "file_name_2": "55891_2.jpg",
  "image_url_2": "https://sortiment.lidl.ch/media/catalog/product/cache/38c728e59b3a47950872534eff8a1e63/5/5/55891_Game_PSXX.jpg",
  "file_name_3": "55891_3.jpg",
  "image_url_3": "https://sortiment.lidl.ch/media/catalog/product/cache/38c728e59b3a47950872534eff8a1e63/5/5/55891_Veal_PSXX.jpg"
},
{
  "_id": {
    "$oid": "66f3abdbd23ade1eec56016e"
  },
  "unique_id": "130815",
  "product_name": "Kausnacks für Hunde",
  "brand": "Orlando",
  "regular_price": 1.45,
  "selling_price": 1.45,
  "price_per_unit": "pro 175g, 180g, 200g, 275g | 100g = 0.83 bis 0.53",
  "breadcrumb": "Sortiment > Sortiment > Kausnacks für Hunde",
  "pdp_url": "https://sortiment.lidl.ch/de/kausnacks-fuer-hunde-0130815",
  "product_description": "Artikelnr.: 130815",
  "producthierarchy_level1": "Sortiment",
  "producthierarchy_level2": "Sortiment",
  "producthierarchy_level3": "Kausnacks für Hunde",
  "producthierarchy_level4": "",
  "producthierarchy_level5": "",
  "producthierarchy_level6": "",
  "producthierarchy_level7": "",
  "currency": "Swiss franc",
  "file_name_1": "130815_1.jpg",
  "image_url_1": "https://sortiment.lidl.ch/media/amasty/amoptmobile/catalog/product/cache/38c728e59b3a47950872534eff8a1e63/1/3/130815_Bastoncini_AloeVera_PSXX.jpg",
  "file_name_2": "130815_2.jpg",
  "image_url_2": "https://sortiment.lidl.ch/media/catalog/product/cache/38c728e59b3a47950872534eff8a1e63/1/3/130815_Bastoncini_Rind_PSXX.jpg"
},
{
  "_id": {
    "$oid": "66f3abdcd23ade1eec56016f"
  },
  "unique_id": "38491",
  "product_name": "Katzensticks",
  "brand": "Coshida",
  "regular_price": 1.49,
  "selling_price": 1.49,
  "price_per_unit": "pro 50g | 100g = 2.98 CHF",
  "breadcrumb": "Sortiment > Sortiment > Katzensticks",
  "pdp_url": "https://sortiment.lidl.ch/de/katzensticks-0038491",
  "product_description": "Artikelnr.: 38491",
  "producthierarchy_level1": "Sortiment",
  "producthierarchy_level2": "Sortiment",
  "producthierarchy_level3": "Katzensticks",
  "producthierarchy_level4": "",
  "producthierarchy_level5": "",
  "producthierarchy_level6": "",
  "producthierarchy_level7": "",
  "currency": "Swiss franc",
  "file_name_1": "38491_1.jpg",
  "image_url_1": "https://sortiment.lidl.ch/media/catalog/product/cache/38c728e59b3a47950872534eff8a1e63/3/8/38491_Lamb_Turkey_PSXX_1.jpg",
  "file_name_2": "38491_2.jpg",
  "image_url_2": "https://sortiment.lidl.ch/media/catalog/product/cache/38c728e59b3a47950872534eff8a1e63/3/8/38491_Poultry_PSXX.jpg",
  "file_name_3": "38491_3.jpg",
  "image_url_3": "https://sortiment.lidl.ch/media/catalog/product/cache/38c728e59b3a47950872534eff8a1e63/3/8/38491_Salmon_PSXX_1.jpg",
  "file_name_4": "38491_4.jpg",
  "image_url_4": "https://sortiment.lidl.ch/media/catalog/product/cache/38c728e59b3a47950872534eff8a1e63/3/8/38491_Veal_Poultry_PSXX_1.jpg"
},
{
  "_id": {
    "$oid": "66f3abddd23ade1eec560170"
  },
  "unique_id": "138074",
  "product_name": "Katzenstreu",
  "brand": "Coshida",
  "regular_price": 3.95,
  "selling_price": 3.95,
  "price_per_unit": "pro 10l | 1L = 0.40 CHF",
  "breadcrumb": "Sortiment > Sortiment > Katzenstreu",
  "pdp_url": "https://sortiment.lidl.ch/de/katzenstreu-0138074",
  "product_description": "Artikelnr.: 138074",
  "producthierarchy_level1": "Sortiment",
  "producthierarchy_level2": "Sortiment",
  "producthierarchy_level3": "Katzenstreu",
  "producthierarchy_level4": "",
  "producthierarchy_level5": "",
  "producthierarchy_level6": "",
  "producthierarchy_level7": "",
  "currency": "Swiss franc",
  "file_name_1": "138074_1.jpg",
  "image_url_1": "https://sortiment.lidl.ch/media/catalog/product/cache/38c728e59b3a47950872534eff8a1e63/1/3/138074_PSXX.jpg"
},
{
  "_id": {
    "$oid": "66f3abded23ade1eec560171"
  },
  "unique_id": "36476",
  "product_name": "Katzenstreu ultra weiss",
  "brand": "Coshida",
  "regular_price": 2.99,
  "selling_price": 2.99,
  "price_per_unit": "pro 6l | 1L = 0.50 CHF",
  "breadcrumb": "Sortiment > Sortiment > Katzenstreu ultra weiss",
  "pdp_url": "https://sortiment.lidl.ch/de/katzenstreu-ultra-weiss-0036476",
  "product_description": "Artikelnr.: 36476",
  "producthierarchy_level1": "Sortiment",
  "producthierarchy_level2": "Sortiment",
  "producthierarchy_level3": "Katzenstreu ultra weiss",
  "producthierarchy_level4": "",
  "producthierarchy_level5": "",
  "producthierarchy_level6": "",
  "producthierarchy_level7": "",
  "currency": "Swiss franc",
  "file_name_1": "36476_1.jpg",
  "image_url_1": "https://sortiment.lidl.ch/media/amasty/amoptmobile/catalog/product/cache/38c728e59b3a47950872534eff8a1e63/3/6/36476_PSXX.jpg"
},
{
  "_id": {
    "$oid": "66f3abdfd23ade1eec560172"
  },
  "unique_id": "39750",
  "product_name": "Katzen-Trockenfutter",
  "brand": "Coshida",
  "regular_price": 2.49,
  "selling_price": 2.49,
  "price_per_unit": "pro 2kg | 100g = 0.13 CHF",
  "breadcrumb": "Sortiment > Sortiment > Katzen-Trockenfutter",
  "pdp_url": "https://sortiment.lidl.ch/de/katzen-trockenfutter-0039750",
  "product_description": "Artikelnr.: 39750",
  "producthierarchy_level1": "Sortiment",
  "producthierarchy_level2": "Sortiment",
  "producthierarchy_level3": "Katzen-Trockenfutter",
  "producthierarchy_level4": "",
  "producthierarchy_level5": "",
  "producthierarchy_level6": "",
  "producthierarchy_level7": "",
  "currency": "Swiss franc",
  "file_name_1": "39750_1.jpg",
  "image_url_1": "https://sortiment.lidl.ch/media/catalog/product/cache/38c728e59b3a47950872534eff8a1e63/3/9/39750_Lachs_PSXX.jpg",
  "file_name_2": "39750_2.jpg",
  "image_url_2": "https://sortiment.lidl.ch/media/catalog/product/cache/38c728e59b3a47950872534eff8a1e63/3/9/39750_Rind_PSXX.jpg"
},
{
  "_id": {
    "$oid": "66f3abe0d23ade1eec560173"
  },
  "unique_id": "2935",
  "product_name": "Felix Katzen-Trockenfutter",
  "brand": "Felix",
  "regular_price": 25.35,
  "selling_price": 16.9,
  "price_per_unit": "pro 2kg | 100g = 0.85 CHF",
  "breadcrumb": "Sortiment > Sortiment > Felix Katzen-Trockenfutter",
  "pdp_url": "https://sortiment.lidl.ch/de/felix-katzen-trockenfutter-0002935",
  "product_description": "Artikelnr.: 2935",
  "producthierarchy_level1": "Sortiment",
  "producthierarchy_level2": "Sortiment",
  "producthierarchy_level3": "Felix Katzen-Trockenfutter",
  "producthierarchy_level4": "",
  "producthierarchy_level5": "",
  "producthierarchy_level6": "",
  "producthierarchy_level7": "",
  "currency": "Swiss franc",
  "file_name_1": "2935_1.jpg",
  "image_url_1": "https://sortiment.lidl.ch/media/catalog/product/cache/38c728e59b3a47950872534eff8a1e63/2/9/2935_Huhn_Rind_PSXX.jpg",
  "file_name_2": "2935_2.jpg",
  "image_url_2": "https://sortiment.lidl.ch/media/catalog/product/cache/38c728e59b3a47950872534eff8a1e63/2/9/2935_Huhn_Truthan_PSXX.jpg"
},
{
  "_id": {
    "$oid": "66f3abe1d23ade1eec560174"
  },
  "unique_id": "18800",
  "product_name": "Premium Hunde-Trockenfutter",
  "brand": "Orlando",
  "regular_price": 4.95,
  "selling_price": 4.95,
  "price_per_unit": "pro 3kg | 100g = 0.17 CHF",
  "breadcrumb": "Sortiment > Sortiment > Premium Hunde-Trockenfutter",
  "pdp_url": "https://sortiment.lidl.ch/de/premium-hunde-trockenfutter-0018800",
  "product_description": "Artikelnr.: 18800",
  "producthierarchy_level1": "Sortiment",
  "producthierarchy_level2": "Sortiment",
  "producthierarchy_level3": "Premium Hunde-Trockenfutter",
  "producthierarchy_level4": "",
  "producthierarchy_level5": "",
  "producthierarchy_level6": "",
  "producthierarchy_level7": "",
  "currency": "Swiss franc",
  "file_name_1": "18800_1.jpg",
  "image_url_1": "https://sortiment.lidl.ch/media/catalog/product/cache/38c728e59b3a47950872534eff8a1e63/1/8/18800_Adult_PSXX.jpg",
  "file_name_2": "18800_2.jpg",
  "image_url_2": "https://sortiment.lidl.ch/media/catalog/product/cache/38c728e59b3a47950872534eff8a1e63/1/8/18800_Light_and_Sensitiv_PSXX.jpg"
},
{
  "_id": {
    "$oid": "66f3abe2d23ade1eec560175"
  },
  "unique_id": "6200029",
  "product_name": "Griechische Oliven",
  "brand": "Baresa",
  "regular_price": 1.49,
  "selling_price": 1.49,
  "price_per_unit": "pro 200g (Abtropfgewicht) | 100g = 0.75 CHF",
  "breadcrumb": "Sortiment > Sortiment > Griechische Oliven",
  "pdp_url": "https://sortiment.lidl.ch/de/griechische-oliven-6200029",
  "product_description": "Artikelnr.: 6200029",
  "producthierarchy_level1": "Sortiment",
  "producthierarchy_level2": "Sortiment",
  "producthierarchy_level3": "Griechische Oliven",
  "producthierarchy_level4": "",
  "producthierarchy_level5": "",
  "producthierarchy_level6": "",
  "producthierarchy_level7": "",
  "currency": "Swiss franc",
  "file_name_1": "6200029_1.jpg",
  "image_url_1": "https://sortiment.lidl.ch/media/catalog/product/cache/38c728e59b3a47950872534eff8a1e63/6/2/6200029_Gruen_PSXX_1.jpg",
  "file_name_2": "6200029_2.jpg",
  "image_url_2": "https://sortiment.lidl.ch/media/catalog/product/cache/38c728e59b3a47950872534eff8a1e63/6/2/6200029_Kalamata_PSXX_1.jpg"
},
{
  "_id": {
    "$oid": "66f3abe4d23ade1eec560176"
  },
  "unique_id": "29602",
  "product_name": "Gewürzgurken",
  "brand": "Freshona",
  "regular_price": 1.65,
  "selling_price": 1.65,
  "price_per_unit": "pro 360g (Abtropfgewicht) | 100g = 0.46 CHF",
  "breadcrumb": "Sortiment > Sortiment > Gewürzgurken",
  "pdp_url": "https://sortiment.lidl.ch/de/gewuerzgurken-0029602",
  "product_description": "Artikelnr.: 29602",
  "producthierarchy_level1": "Sortiment",
  "producthierarchy_level2": "Sortiment",
  "producthierarchy_level3": "Gewürzgurken",
  "producthierarchy_level4": "",
  "producthierarchy_level5": "",
  "producthierarchy_level6": "",
  "producthierarchy_level7": "",
  "currency": "Swiss franc",
  "file_name_1": "29602_1.jpg",
  "image_url_1": "https://sortiment.lidl.ch/media/catalog/product/cache/38c728e59b3a47950872534eff8a1e63/2/9/29602_Kolli_PSXX.jpg",
  "file_name_2": "29602_2.jpg",
  "image_url_2": "https://sortiment.lidl.ch/media/catalog/product/cache/38c728e59b3a47950872534eff8a1e63/2/9/29602_PSXX.jpg"
},
{
  "_id": {
    "$oid": "66f3abe5d23ade1eec560177"
  },
  "unique_id": "29475",
  "product_name": "Kapern",
  "brand": "Freshona",
  "regular_price": 1.19,
  "selling_price": 1.19,
  "price_per_unit": "pro 60g (Abtropfgewicht) | 100g = 1.99 CHF",
  "breadcrumb": "Sortiment > Sortiment > Kapern",
  "pdp_url": "https://sortiment.lidl.ch/de/kapern-0029475",
  "product_description": "Artikelnr.: 29475",
  "producthierarchy_level1": "Sortiment",
  "producthierarchy_level2": "Sortiment",
  "producthierarchy_level3": "Kapern",
  "producthierarchy_level4": "",
  "producthierarchy_level5": "",
  "producthierarchy_level6": "",
  "producthierarchy_level7": "",
  "currency": "Swiss franc",
  "file_name_1": "29475_1.jpg",
  "image_url_1": "https://sortiment.lidl.ch/media/catalog/product/cache/38c728e59b3a47950872534eff8a1e63/2/9/29475_PSXX.jpg"
},
{
  "_id": {
    "$oid": "66f3abe6d23ade1eec560178"
  },
  "unique_id": "29446",
  "product_name": "Rote Peperoni geröstet",
  "brand": "Freshona",
  "regular_price": 2.79,
  "selling_price": 2.79,
  "price_per_unit": "pro 400g (Abtropfgewicht) | 100g = 0.70 CHF",
  "breadcrumb": "Sortiment > Sortiment > Rote Peperoni geröstet",
  "pdp_url": "https://sortiment.lidl.ch/de/rote-peperoni-geroestet-0029446",
  "product_description": "Artikelnr.: 29446",
  "producthierarchy_level1": "Sortiment",
  "producthierarchy_level2": "Sortiment",
  "producthierarchy_level3": "Rote Peperoni geröstet",
  "producthierarchy_level4": "",
  "producthierarchy_level5": "",
  "producthierarchy_level6": "",
  "producthierarchy_level7": "",
  "currency": "Swiss franc",
  "file_name_1": "29446_1.jpg",
  "image_url_1": "https://sortiment.lidl.ch/media/catalog/product/cache/38c728e59b3a47950872534eff8a1e63/2/9/29446_PSXX.jpg"
},
{
  "_id": {
    "$oid": "66f3abe7d23ade1eec560179"
  },
  "unique_id": "28337",
  "product_name": "Sandwichgurken",
  "brand": "Freshona",
  "regular_price": 1.99,
  "selling_price": 1.99,
  "price_per_unit": "pro 290g (Abtropfgewicht) | 100g = 0.69 CHF",
  "breadcrumb": "Sortiment > Sortiment > Sandwichgurken",
  "pdp_url": "https://sortiment.lidl.ch/de/sandwichgurken-0028337",
  "product_description": "Artikelnr.: 28337",
  "producthierarchy_level1": "Sortiment",
  "producthierarchy_level2": "Sortiment",
  "producthierarchy_level3": "Sandwichgurken",
  "producthierarchy_level4": "",
  "producthierarchy_level5": "",
  "producthierarchy_level6": "",
  "producthierarchy_level7": "",
  "currency": "Swiss franc",
  "file_name_1": "28337_1.jpg",
  "image_url_1": "https://sortiment.lidl.ch/media/catalog/product/cache/38c728e59b3a47950872534eff8a1e63/2/8/28337_PSXX_1.jpg"
},
{
  "_id": {
    "$oid": "66f3abe8d23ade1eec56017a"
  },
  "unique_id": "3046",
  "product_name": "Oliven entsteint",
  "brand": "Baresa",
  "regular_price": 0.89,
  "selling_price": 0.89,
  "price_per_unit": "pro 160g, 170g (Abtropfgewicht) | 100g = 0.56, 0.53 CHF",
  "breadcrumb": "Sortiment > Sortiment > Oliven entsteint",
  "pdp_url": "https://sortiment.lidl.ch/de/oliven-entsteint-0003046",
  "product_description": "Artikelnr.: 3046",
  "producthierarchy_level1": "Sortiment",
  "producthierarchy_level2": "Sortiment",
  "producthierarchy_level3": "Oliven entsteint",
  "producthierarchy_level4": "",
  "producthierarchy_level5": "",
  "producthierarchy_level6": "",
  "producthierarchy_level7": "",
  "currency": "Swiss franc",
  "file_name_1": "3046_1.jpg",
  "image_url_1": "https://sortiment.lidl.ch/media/catalog/product/cache/38c728e59b3a47950872534eff8a1e63/3/0/3046_gruen_PSXX.jpg",
  "file_name_2": "3046_2.jpg",
  "image_url_2": "https://sortiment.lidl.ch/media/catalog/product/cache/38c728e59b3a47950872534eff8a1e63/3/0/3046_schwarz_PSXX.jpg"
},
{
  "_id": {
    "$oid": "66f3abead23ade1eec56017b"
  },
  "unique_id": "1433",
  "product_name": "Chirat Cornichons",
  "brand": "Chirat",
  "regular_price": 4.19,
  "selling_price": 4.19,
  "price_per_unit": "pro 230g (Abtropfgewicht) | 100g = 1.83 CHF",
  "breadcrumb": "Sortiment > Sortiment > Chirat Cornichons",
  "pdp_url": "https://sortiment.lidl.ch/de/chirat-cornichons-0001433",
  "product_description": "Artikelnr.: 1433",
  "producthierarchy_level1": "Sortiment",
  "producthierarchy_level2": "Sortiment",
  "producthierarchy_level3": "Chirat Cornichons",
  "producthierarchy_level4": "",
  "producthierarchy_level5": "",
  "producthierarchy_level6": "",
  "producthierarchy_level7": "",
  "currency": "Swiss franc",
  "file_name_1": "1433_1.jpg",
  "image_url_1": "https://sortiment.lidl.ch/media/catalog/product/cache/38c728e59b3a47950872534eff8a1e63/1/4/1433_PSXX.jpg"
},
{
  "_id": {
    "$oid": "66f3abebd23ade1eec56017c"
  },
  "unique_id": "1432",
  "product_name": "Chirat Essiggurken",
  "brand": "Chirat",
  "regular_price": 4.19,
  "selling_price": 4.19,
  "price_per_unit": "pro 430g (Abtropfgewicht) | 100g = 0.98 CHF",
  "breadcrumb": "Sortiment > Sortiment > Chirat Essiggurken",
  "pdp_url": "https://sortiment.lidl.ch/de/chirat-essiggurken-0001432",
  "product_description": "Artikelnr.: 1432",
  "producthierarchy_level1": "Sortiment",
  "producthierarchy_level2": "Sortiment",
  "producthierarchy_level3": "Chirat Essiggurken",
  "producthierarchy_level4": "",
  "producthierarchy_level5": "",
  "producthierarchy_level6": "",
  "producthierarchy_level7": "",
  "currency": "Swiss franc",
  "file_name_1": "1432_1.jpg",
  "image_url_1": "https://sortiment.lidl.ch/media/catalog/product/cache/38c728e59b3a47950872534eff8a1e63/1/4/1432_PSXX.jpg"
},
{
  "_id": {
    "$oid": "66f3abecd23ade1eec56017d"
  },
  "unique_id": "1431",
  "product_name": "Chirat Silberzwiebeln",
  "brand": "Chirat",
  "regular_price": 3.89,
  "selling_price": 3.89,
  "price_per_unit": "pro 265g (Abtropfgewicht) | 100g = 1.47 CHF",
  "breadcrumb": "Sortiment > Sortiment > Chirat Silberzwiebeln",
  "pdp_url": "https://sortiment.lidl.ch/de/chirat-silberzwiebeln-0001431",
  "product_description": "Artikelnr.: 1431",
  "producthierarchy_level1": "Sortiment",
  "producthierarchy_level2": "Sortiment",
  "producthierarchy_level3": "Chirat Silberzwiebeln",
  "producthierarchy_level4": "",
  "producthierarchy_level5": "",
  "producthierarchy_level6": "",
  "producthierarchy_level7": "",
  "currency": "Swiss franc",
  "file_name_1": "1431_1.jpg",
  "image_url_1": "https://sortiment.lidl.ch/media/catalog/product/cache/38c728e59b3a47950872534eff8a1e63/1/4/1431_PSXX.jpg"
},
{
  "_id": {
    "$oid": "66f3abedd23ade1eec56017e"
  },
  "unique_id": "28939",
  "product_name": "Tomatenpüree",
  "brand": "Baresa",
  "regular_price": 0.95,
  "selling_price": 0.95,
  "price_per_unit": "pro 200g | 100g = 0.48 CHF",
  "breadcrumb": "Sortiment > Sortiment > Tomatenpüree",
  "pdp_url": "https://sortiment.lidl.ch/de/tomatenpueree-0028939",
  "product_description": "Artikelnr.: 28939",
  "producthierarchy_level1": "Sortiment",
  "producthierarchy_level2": "Sortiment",
  "producthierarchy_level3": "Tomatenpüree",
  "producthierarchy_level4": "",
  "producthierarchy_level5": "",
  "producthierarchy_level6": "",
  "producthierarchy_level7": "",
  "currency": "Swiss franc",
  "file_name_1": "28939_1.jpg",
  "image_url_1": "https://sortiment.lidl.ch/media/catalog/product/cache/38c728e59b3a47950872534eff8a1e63/2/8/28939_Ital_PSXX.jpg"
},
{
  "_id": {
    "$oid": "66f3abeed23ade1eec56017f"
  },
  "unique_id": "29239",
  "product_name": "Gehackte Tomaten",
  "brand": "Baresa",
  "regular_price": 0.75,
  "selling_price": 0.75,
  "price_per_unit": "pro 400g | 100g = 0.19 CHF",
  "breadcrumb": "Sortiment > Sortiment > Gehackte Tomaten",
  "pdp_url": "https://sortiment.lidl.ch/de/gehackte-tomaten-0029239",
  "product_description": "Artikelnr.: 29239",
  "producthierarchy_level1": "Sortiment",
  "producthierarchy_level2": "Sortiment",
  "producthierarchy_level3": "Gehackte Tomaten",
  "producthierarchy_level4": "",
  "producthierarchy_level5": "",
  "producthierarchy_level6": "",
  "producthierarchy_level7": "",
  "currency": "Swiss franc",
  "file_name_1": "29239_1.jpg",
  "image_url_1": "https://sortiment.lidl.ch/media/catalog/product/cache/38c728e59b3a47950872534eff8a1e63/2/9/29239_PSXX.jpg"
},
{
  "_id": {
    "$oid": "66f3abefd23ade1eec560180"
  },
  "unique_id": "6000017",
  "product_name": "Kirschtomatensauce",
  "brand": "Italiamo",
  "regular_price": 1.59,
  "selling_price": 1.59,
  "price_per_unit": "pro 330g | 100g = 0.49 CHF",
  "breadcrumb": "Sortiment > Sortiment > Kirschtomatensauce",
  "pdp_url": "https://sortiment.lidl.ch/de/kirschtomatensauce-6000017",
  "product_description": "Artikelnr.: 6000017",
  "producthierarchy_level1": "Sortiment",
  "producthierarchy_level2": "Sortiment",
  "producthierarchy_level3": "Kirschtomatensauce",
  "producthierarchy_level4": "",
  "producthierarchy_level5": "",
  "producthierarchy_level6": "",
  "producthierarchy_level7": "",
  "currency": "Swiss franc",
  "file_name_1": "6000017_1.jpg",
  "image_url_1": "https://sortiment.lidl.ch/media/catalog/product/cache/38c728e59b3a47950872534eff8a1e63/6/0/6000017_PSXX_1.jpg"
},
{
  "_id": {
    "$oid": "66f3abf0d23ade1eec560181"
  },
  "unique_id": "5900018",
  "product_name": "Kichererbsen",
  "brand": "Freshona",
  "regular_price": 1.89,
  "selling_price": 1.89,
  "price_per_unit": "pro 400g (Abtropfgewicht) | 100g = 0.48 CHF",
  "breadcrumb": "Sortiment > Sortiment > Kichererbsen",
  "pdp_url": "https://sortiment.lidl.ch/de/kichererbsen-5900018",
  "product_description": "Artikelnr.: 5900018",
  "producthierarchy_level1": "Sortiment",
  "producthierarchy_level2": "Sortiment",
  "producthierarchy_level3": "Kichererbsen",
  "producthierarchy_level4": "",
  "producthierarchy_level5": "",
  "producthierarchy_level6": "",
  "producthierarchy_level7": "",
  "currency": "Swiss franc",
  "file_name_1": "5900018_1.jpg",
  "image_url_1": "https://sortiment.lidl.ch/media/catalog/product/cache/38c728e59b3a47950872534eff8a1e63/5/9/5900018_freshona_PSXX.jpg",
  "file_name_2": "5900018_2.jpg",
  "image_url_2": "https://sortiment.lidl.ch/media/catalog/product/cache/38c728e59b3a47950872534eff8a1e63/5/9/5900018_solymar_PSXX.jpg"
},
{
  "_id": {
    "$oid": "66f3abf2d23ade1eec560182"
  },
  "unique_id": "126008",
  "product_name": "Bio gehackte Tomaten gewürzt",
  "brand": "Baresa",
  "regular_price": 1.19,
  "selling_price": 1.19,
  "price_per_unit": "pro 400g Abtropfgewicht | 100g = 0.30 CHF",
  "breadcrumb": "Sortiment > Sortiment > Bio gehackte Tomaten gewürzt",
  "pdp_url": "https://sortiment.lidl.ch/de/bio-gehackte-tomaten-gewuerzt-0126008",
  "product_description": "Artikelnr.: 126008",
  "producthierarchy_level1": "Sortiment",
  "producthierarchy_level2": "Sortiment",
  "producthierarchy_level3": "Bio gehackte Tomaten gewürzt",
  "producthierarchy_level4": "",
  "producthierarchy_level5": "",
  "producthierarchy_level6": "",
  "producthierarchy_level7": "",
  "currency": "Swiss franc",
  "file_name_1": "126008_1.jpg",
  "image_url_1": "https://sortiment.lidl.ch/media/catalog/product/cache/38c728e59b3a47950872534eff8a1e63/1/2/126008_Arrabbiata_PSXX.jpg",
  "file_name_2": "126008_2.jpg",
  "image_url_2": "https://sortiment.lidl.ch/media/catalog/product/cache/38c728e59b3a47950872534eff8a1e63/1/2/126008_Basil_PSXX.jpg",
  "file_name_3": "126008_3.jpg",
  "image_url_3": "https://sortiment.lidl.ch/media/catalog/product/cache/38c728e59b3a47950872534eff8a1e63/1/2/126008_Herbs_PSXX.jpg",
  "file_name_4": "126008_4.jpg",
  "image_url_4": "https://sortiment.lidl.ch/media/catalog/product/cache/38c728e59b3a47950872534eff8a1e63/1/2/126008_Onion-Garlic_PSXX.jpg"
},
{
  "_id": {
    "$oid": "66f3abf3d23ade1eec560183"
  },
  "unique_id": "119530",
  "product_name": "Bio Gemüsemais",
  "brand": "Freshona",
  "regular_price": 1.49,
  "selling_price": 1.49,
  "price_per_unit": "pro 285g (Abtropfgewicht) | 100g = 0.53 CHF",
  "breadcrumb": "Sortiment > Sortiment > Bio Gemüsemais",
  "pdp_url": "https://sortiment.lidl.ch/de/bio-gemuesemais-0119530",
  "product_description": "Artikelnr.: 119530",
  "producthierarchy_level1": "Sortiment",
  "producthierarchy_level2": "Sortiment",
  "producthierarchy_level3": "Bio Gemüsemais",
  "producthierarchy_level4": "",
  "producthierarchy_level5": "",
  "producthierarchy_level6": "",
  "producthierarchy_level7": "",
  "currency": "Swiss franc",
  "file_name_1": "119530_1.jpg",
  "image_url_1": "https://sortiment.lidl.ch/media/catalog/product/cache/38c728e59b3a47950872534eff8a1e63/1/1/119530_PSXX.jpg"
},
{
  "_id": {
    "$oid": "66f3abf4d23ade1eec560184"
  },
  "unique_id": "38640",
  "product_name": "Gemüsemais",
  "brand": "Freshona",
  "regular_price": 2.49,
  "selling_price": 2.49,
  "price_per_unit": "pro 420g (Abtropfgewicht) | 100g = 0.60 CHF",
  "breadcrumb": "Sortiment > Sortiment > Gemüsemais",
  "pdp_url": "https://sortiment.lidl.ch/de/gemuesemais-0038640",
  "product_description": "Artikelnr.: 38640",
  "producthierarchy_level1": "Sortiment",
  "producthierarchy_level2": "Sortiment",
  "producthierarchy_level3": "Gemüsemais",
  "producthierarchy_level4": "",
  "producthierarchy_level5": "",
  "producthierarchy_level6": "",
  "producthierarchy_level7": "",
  "currency": "Swiss franc",
  "file_name_1": "38640_1.jpg",
  "image_url_1": "https://sortiment.lidl.ch/media/catalog/product/cache/38c728e59b3a47950872534eff8a1e63/3/8/38640_3er_frontal_PSXX.jpg",
  "file_name_2": "38640_2.jpg",
  "image_url_2": "https://sortiment.lidl.ch/media/catalog/product/cache/38c728e59b3a47950872534eff8a1e63/3/8/38640_Kolli_PSXX.jpg"
},
{
  "_id": {
    "$oid": "66f3abf6d23ade1eec560185"
  },
  "unique_id": "32716",
  "product_name": "Rote Kidney Bohnen",
  "brand": "Freshona",
  "regular_price": 0.99,
  "selling_price": 0.99,
  "price_per_unit": "pro 255g (Abtropfgewicht) | 100g = 0.39 CHF",
  "breadcrumb": "Sortiment > Sortiment > Rote Kidney Bohnen",
  "pdp_url": "https://sortiment.lidl.ch/de/rote-kidney-bohnen-0032716",
  "product_description": "Artikelnr.: 32716",
  "producthierarchy_level1": "Sortiment",
  "producthierarchy_level2": "Sortiment",
  "producthierarchy_level3": "Rote Kidney Bohnen",
  "producthierarchy_level4": "",
  "producthierarchy_level5": "",
  "producthierarchy_level6": "",
  "producthierarchy_level7": "",
  "currency": "Swiss franc",
  "file_name_1": "32716_1.jpg",
  "image_url_1": "https://sortiment.lidl.ch/media/catalog/product/cache/38c728e59b3a47950872534eff8a1e63/3/2/32716_Kolli_PSXX.jpg",
  "file_name_2": "32716_2.jpg",
  "image_url_2": "https://sortiment.lidl.ch/media/catalog/product/cache/38c728e59b3a47950872534eff8a1e63/3/2/32716_PSXX.jpg"
},
{
  "_id": {
    "$oid": "66f3abf7d23ade1eec560186"
  },
  "unique_id": "29408",
  "product_name": "Erbsen",
  "brand": "Freshona",
  "regular_price": 1.39,
  "selling_price": 1.39,
  "price_per_unit": "pro 280g (Abtropfgewicht) | 100g = 0.50 CHF",
  "breadcrumb": "Sortiment > Sortiment > Erbsen",
  "pdp_url": "https://sortiment.lidl.ch/de/erbsen-0029408",
  "product_description": "Artikelnr.: 29408",
  "producthierarchy_level1": "Sortiment",
  "producthierarchy_level2": "Sortiment",
  "producthierarchy_level3": "Erbsen",
  "producthierarchy_level4": "",
  "producthierarchy_level5": "",
  "producthierarchy_level6": "",
  "producthierarchy_level7": "",
  "currency": "Swiss franc",
  "file_name_1": "29408_1.jpg",
  "image_url_1": "https://sortiment.lidl.ch/media/catalog/product/cache/38c728e59b3a47950872534eff8a1e63/2/9/29408_PSXX.jpg"
},
{
  "_id": {
    "$oid": "66f3abf8d23ade1eec560187"
  },
  "unique_id": "29251",
  "product_name": "Tomatensauce mit Basilikum",
  "brand": "Baresa",
  "regular_price": 1.25,
  "selling_price": 1.25,
  "price_per_unit": "pro 700g | 100g = 0.18 CHF",
  "breadcrumb": "Sortiment > Sortiment > Tomatensauce mit Basilikum",
  "pdp_url": "https://sortiment.lidl.ch/de/tomatensauce-mit-basilikum-0029251",
  "product_description": "Artikelnr.: 29251",
  "producthierarchy_level1": "Sortiment",
  "producthierarchy_level2": "Sortiment",
  "producthierarchy_level3": "Tomatensauce mit Basilikum",
  "producthierarchy_level4": "",
  "producthierarchy_level5": "",
  "producthierarchy_level6": "",
  "producthierarchy_level7": "",
  "currency": "Swiss franc",
  "file_name_1": "29251_1.jpg",
  "image_url_1": "https://sortiment.lidl.ch/media/catalog/product/cache/38c728e59b3a47950872534eff8a1e63/2/9/29251_PSXX.jpg"
},
{
  "_id": {
    "$oid": "66f3abfad23ade1eec560188"
  },
  "unique_id": "28923",
  "product_name": "Champignons in Scheiben",
  "brand": "Freshona",
  "regular_price": 0.89,
  "selling_price": 0.89,
  "price_per_unit": "pro 170g (Abtropfgewicht) | 100g = 0.53 CHF",
  "breadcrumb": "Sortiment > Sortiment > Champignons in Scheiben",
  "pdp_url": "https://sortiment.lidl.ch/de/champignons-in-scheiben-0028923",
  "product_description": "Artikelnr.: 28923",
  "producthierarchy_level1": "Sortiment",
  "producthierarchy_level2": "Sortiment",
  "producthierarchy_level3": "Champignons in Scheiben",
  "producthierarchy_level4": "",
  "producthierarchy_level5": "",
  "producthierarchy_level6": "",
  "producthierarchy_level7": "",
  "currency": "Swiss franc",
  "file_name_1": "28923_1.jpg",
  "image_url_1": "https://sortiment.lidl.ch/media/catalog/product/cache/38c728e59b3a47950872534eff8a1e63/2/8/28923_PSXX.jpg"
},
{
  "_id": {
    "$oid": "66f3abfbd23ade1eec560189"
  },
  "unique_id": "28920",
  "product_name": "Champignons in Scheiben",
  "brand": "Freshona",
  "regular_price": 1.69,
  "selling_price": 1.69,
  "price_per_unit": "pro 170g (Abtropfgewicht) | 100g = 1.00 CHF",
  "breadcrumb": "Sortiment > Sortiment > Champignons in Scheiben",
  "pdp_url": "https://sortiment.lidl.ch/de/champignons-in-scheiben-0028920",
  "product_description": "Artikelnr.: 28920",
  "producthierarchy_level1": "Sortiment",
  "producthierarchy_level2": "Sortiment",
  "producthierarchy_level3": "Champignons in Scheiben",
  "producthierarchy_level4": "",
  "producthierarchy_level5": "",
  "producthierarchy_level6": "",
  "producthierarchy_level7": "",
  "currency": "Swiss franc",
  "file_name_1": "28920_1.jpg",
  "image_url_1": "https://sortiment.lidl.ch/media/catalog/product/cache/38c728e59b3a47950872534eff8a1e63/2/8/28920_PSXX.jpg"
},
{
  "_id": {
    "$oid": "66f3abfcd23ade1eec56018a"
  },
  "unique_id": "28260",
  "product_name": "Gemüsemais",
  "brand": "Freshona",
  "regular_price": 0.95,
  "selling_price": 0.95,
  "price_per_unit": "pro 285g (Abtropfgewicht) | 100g = 0.34 CHF",
  "breadcrumb": "Sortiment > Sortiment > Gemüsemais",
  "pdp_url": "https://sortiment.lidl.ch/de/gemuesemais-0028260",
  "product_description": "Artikelnr.: 28260",
  "producthierarchy_level1": "Sortiment",
  "producthierarchy_level2": "Sortiment",
  "producthierarchy_level3": "Gemüsemais",
  "producthierarchy_level4": "",
  "producthierarchy_level5": "",
  "producthierarchy_level6": "",
  "producthierarchy_level7": "",
  "currency": "Swiss franc",
  "file_name_1": "28260_1.jpg",
  "image_url_1": "https://sortiment.lidl.ch/media/amasty/amoptmobile/catalog/product/cache/38c728e59b3a47950872534eff8a1e63/2/8/28260_PSXX.jpg"
},
{
  "_id": {
    "$oid": "66f3abfdd23ade1eec56018b"
  },
  "unique_id": "3012",
  "product_name": "Erbsen mit Karotten",
  "brand": "Freshona",
  "regular_price": 1.79,
  "selling_price": 1.79,
  "price_per_unit": "pro 540g (Abtropfgewicht) | 100g = 0.34 CHF",
  "breadcrumb": "Sortiment > Sortiment > Erbsen mit Karotten",
  "pdp_url": "https://sortiment.lidl.ch/de/erbsen-mit-karotten-0003012",
  "product_description": "Artikelnr.: 3012",
  "producthierarchy_level1": "Sortiment",
  "producthierarchy_level2": "Sortiment",
  "producthierarchy_level3": "Erbsen mit Karotten",
  "producthierarchy_level4": "",
  "producthierarchy_level5": "",
  "producthierarchy_level6": "",
  "producthierarchy_level7": "",
  "currency": "Swiss franc",
  "file_name_1": "3012_1.jpg",
  "image_url_1": "https://sortiment.lidl.ch/media/catalog/product/cache/38c728e59b3a47950872534eff8a1e63/3/0/3012_PSXX.jpg"
},
{
  "_id": {
    "$oid": "66f3abfed23ade1eec56018c"
  },
  "unique_id": "126717",
  "product_name": "Bio Fruchtpüree",
  "brand": "Freshona",
  "regular_price": 2.99,
  "selling_price": 2.99,
  "price_per_unit": "pro 4x100g | 100g = 0.75 CHF",
  "breadcrumb": "Sortiment > Sortiment > Bio Fruchtpüree",
  "pdp_url": "https://sortiment.lidl.ch/de/bio-fruchtpueree-0126717",
  "product_description": "Artikelnr.: 126717",
  "producthierarchy_level1": "Sortiment",
  "producthierarchy_level2": "Sortiment",
  "producthierarchy_level3": "Bio Fruchtpüree",
  "producthierarchy_level4": "",
  "producthierarchy_level5": "",
  "producthierarchy_level6": "",
  "producthierarchy_level7": "",
  "currency": "Swiss franc",
  "file_name_1": "126717_1.jpg",
  "image_url_1": "https://sortiment.lidl.ch/media/catalog/product/cache/38c728e59b3a47950872534eff8a1e63/1/2/126717_ApfelBananePack_PSXX_1.jpg",
  "file_name_2": "126717_2.jpg",
  "image_url_2": "https://sortiment.lidl.ch/media/catalog/product/cache/38c728e59b3a47950872534eff8a1e63/1/2/126717_ApfelPack_1.jpg",
  "file_name_3": "126717_3.jpg",
  "image_url_3": "https://sortiment.lidl.ch/media/catalog/product/cache/38c728e59b3a47950872534eff8a1e63/1/2/126717_BirnePack_1.jpg",
  "file_name_4": "126717_4.jpg",
  "image_url_4": "https://sortiment.lidl.ch/media/catalog/product/cache/38c728e59b3a47950872534eff8a1e63/1/2/126717_ErdbeerPack_1.jpg"
},
{
  "_id": {
    "$oid": "66f3abffd23ade1eec56018d"
  },
  "unique_id": "124068",
  "product_name": "Kokosnussmilch",
  "brand": "Freshona",
  "regular_price": 1.49,
  "selling_price": 1.49,
  "price_per_unit": "pro 400ml | 1L = 3.73 CHF",
  "breadcrumb": "Sortiment > Sortiment > Kokosnussmilch",
  "pdp_url": "https://sortiment.lidl.ch/de/kokosnussmilch-0124068",
  "product_description": "Artikelnr.: 124068",
  "producthierarchy_level1": "Sortiment",
  "producthierarchy_level2": "Sortiment",
  "producthierarchy_level3": "Kokosnussmilch",
  "producthierarchy_level4": "",
  "producthierarchy_level5": "",
  "producthierarchy_level6": "",
  "producthierarchy_level7": "",
  "currency": "Swiss franc",
  "file_name_1": "124068_1.jpg",
  "image_url_1": "https://sortiment.lidl.ch/media/catalog/product/cache/38c728e59b3a47950872534eff8a1e63/1/2/124068_Kolli_PSXX.jpg",
  "file_name_2": "124068_2.jpg",
  "image_url_2": "https://sortiment.lidl.ch/media/catalog/product/cache/38c728e59b3a47950872534eff8a1e63/1/2/124068_Light_Freshona_PSXX.jpg",
  "file_name_3": "124068_3.jpg",
  "image_url_3": "https://sortiment.lidl.ch/media/catalog/product/cache/38c728e59b3a47950872534eff8a1e63/1/2/124068_Milk_Freshona_PSXX.jpg"
},
{
  "_id": {
    "$oid": "66f3ac00d23ade1eec56018e"
  },
  "unique_id": "3354",
  "product_name": "Machland Bio fruit & go Squeezer",
  "brand": "Machland",
  "regular_price": 0.85,
  "selling_price": 0.85,
  "price_per_unit": "pro 100g",
  "breadcrumb": "Sortiment > Sortiment > Machland Bio fruit & go Squeezer",
  "pdp_url": "https://sortiment.lidl.ch/de/machland-bio-fruit-go-squeezer-0003354",
  "product_description": "Artikelnr.: 3354",
  "producthierarchy_level1": "Sortiment",
  "producthierarchy_level2": "Sortiment",
  "producthierarchy_level3": "Machland Bio fruit & go Squeezer",
  "producthierarchy_level4": "",
  "producthierarchy_level5": "",
  "producthierarchy_level6": "",
  "producthierarchy_level7": "",
  "currency": "Swiss franc",
  "file_name_1": "3354_1.jpg",
  "image_url_1": "https://sortiment.lidl.ch/media/catalog/product/cache/38c728e59b3a47950872534eff8a1e63/3/3/3354_Allstar_PSXX.jpg",
  "file_name_2": "3354_2.jpg",
  "image_url_2": "https://sortiment.lidl.ch/media/catalog/product/cache/38c728e59b3a47950872534eff8a1e63/3/3/3354_Birne_PSXX.jpg",
  "file_name_3": "3354_3.jpg",
  "image_url_3": "https://sortiment.lidl.ch/media/catalog/product/cache/38c728e59b3a47950872534eff8a1e63/3/3/3354_Erdbeer_PSXX.jpg",
  "file_name_4": "3354_4.jpg",
  "image_url_4": "https://sortiment.lidl.ch/media/catalog/product/cache/38c728e59b3a47950872534eff8a1e63/3/3/3354_Peachtime_PSXX.jpg",
  "file_name_5": "3354_5.jpg",
  "image_url_5": "https://sortiment.lidl.ch/media/catalog/product/cache/38c728e59b3a47950872534eff8a1e63/3/3/3354_Pfirsich_PSXX.jpg",
  "file_name_6": "3354_6.jpg",
  "image_url_6": "https://sortiment.lidl.ch/media/catalog/product/cache/38c728e59b3a47950872534eff8a1e63/3/3/3354_Summer_Breeze_PSXX.jpg"
},
{
  "_id": {
    "$oid": "66f3ac01d23ade1eec56018f"
  },
  "unique_id": "44025",
  "product_name": "Schweizer Schmelzkäse",
  "brand": "Fromani",
  "regular_price": 2.95,
  "selling_price": 2.95,
  "price_per_unit": "pro 200g | 100g = 1.48 CHF",
  "breadcrumb": "Sortiment > Sortiment > Schweizer Schmelzkäse",
  "pdp_url": "https://sortiment.lidl.ch/de/schweizer-schmelzkaese-0044025",
  "product_description": "Artikelnr.: 44025",
  "producthierarchy_level1": "Sortiment",
  "producthierarchy_level2": "Sortiment",
  "producthierarchy_level3": "Schweizer Schmelzkäse",
  "producthierarchy_level4": "",
  "producthierarchy_level5": "",
  "producthierarchy_level6": "",
  "producthierarchy_level7": "",
  "currency": "Swiss franc",
  "file_name_1": "44025_1.jpg",
  "image_url_1": "https://sortiment.lidl.ch/media/catalog/product/cache/38c728e59b3a47950872534eff8a1e63/4/4/44025_Appenzeller_PSXX.jpg",
  "file_name_2": "44025_2.jpg",
  "image_url_2": "https://sortiment.lidl.ch/media/catalog/product/cache/38c728e59b3a47950872534eff8a1e63/4/4/44025_Emmentaler_PSXX.jpg",
  "file_name_3": "44025_3.jpg",
  "image_url_3": "https://sortiment.lidl.ch/media/catalog/product/cache/38c728e59b3a47950872534eff8a1e63/4/4/44025_Gruyere_PSXX.jpg"
},
{
  "_id": {
    "$oid": "66f3ac02d23ade1eec560190"
  },
  "unique_id": "32177",
  "product_name": "Fertig-Fondue Moitié-Moitié",
  "brand": "Fromani",
  "regular_price": 11.99,
  "selling_price": 11.99,
  "price_per_unit": "pro 800g | 100g = 1.50 CHF",
  "breadcrumb": "Sortiment > Sortiment > Fertig-Fondue Moitié-Moitié",
  "pdp_url": "https://sortiment.lidl.ch/de/fertig-fondue-moitie-moitie-0032177",
  "product_description": "Artikelnr.: 32177",
  "producthierarchy_level1": "Sortiment",
  "producthierarchy_level2": "Sortiment",
  "producthierarchy_level3": "Fertig-Fondue Moitié-Moitié",
  "producthierarchy_level4": "",
  "producthierarchy_level5": "",
  "producthierarchy_level6": "",
  "producthierarchy_level7": "",
  "currency": "Swiss franc",
  "file_name_1": "32177_1.jpg",
  "image_url_1": "https://sortiment.lidl.ch/media/catalog/product/cache/38c728e59b3a47950872534eff8a1e63/3/2/32177_PSXX.jpg"
},
{
  "_id": {
    "$oid": "66f3ac04d23ade1eec560191"
  },
  "unique_id": "32176",
  "product_name": "Fertig-Fondue Classique",
  "brand": "Fromani",
  "regular_price": 6.99,
  "selling_price": 6.99,
  "price_per_unit": "pro 800g | 100g = 0.88 CHF",
  "breadcrumb": "Sortiment > Sortiment > Fertig-Fondue Classique",
  "pdp_url": "https://sortiment.lidl.ch/de/fertig-fondue-classique-0032176",
  "product_description": "Artikelnr.: 32176",
  "producthierarchy_level1": "Sortiment",
  "producthierarchy_level2": "Sortiment",
  "producthierarchy_level3": "Fertig-Fondue Classique",
  "producthierarchy_level4": "",
  "producthierarchy_level5": "",
  "producthierarchy_level6": "",
  "producthierarchy_level7": "",
  "currency": "Swiss franc",
  "file_name_1": "32176_1.jpg",
  "image_url_1": "https://sortiment.lidl.ch/media/catalog/product/cache/38c728e59b3a47950872534eff8a1e63/3/2/32176_PSXX.jpg"
},
{
  "_id": {
    "$oid": "66f3ac05d23ade1eec560192"
  },
  "unique_id": "19223",
  "product_name": "Schmelzkäse-Ecken",
  "brand": "Milbona",
  "regular_price": 3.49,
  "selling_price": 3.49,
  "price_per_unit": "pro 400g | 100g = 0.88 CHF",
  "breadcrumb": "Sortiment > Sortiment > Schmelzkäse-Ecken",
  "pdp_url": "https://sortiment.lidl.ch/de/schmelzkaese-ecken-0019223",
  "product_description": "Artikelnr.: 19223",
  "producthierarchy_level1": "Sortiment",
  "producthierarchy_level2": "Sortiment",
  "producthierarchy_level3": "Schmelzkäse-Ecken",
  "producthierarchy_level4": "",
  "producthierarchy_level5": "",
  "producthierarchy_level6": "",
  "producthierarchy_level7": "",
  "currency": "Swiss franc",
  "file_name_1": "19223_1.jpg",
  "image_url_1": "https://sortiment.lidl.ch/media/catalog/product/cache/38c728e59b3a47950872534eff8a1e63/1/9/19223_PSXX_1.jpg"
},
{
  "_id": {
    "$oid": "66f3ac06d23ade1eec560193"
  },
  "unique_id": "115731",
  "product_name": "Haushalts-Handschuhe",
  "brand": "W5",
  "regular_price": 1.49,
  "selling_price": 1.49,
  "price_per_unit": "pro 4 Stück",
  "breadcrumb": "Sortiment > Sortiment > Haushalts-Handschuhe",
  "pdp_url": "https://sortiment.lidl.ch/de/haushalts-handschuhe-0115731",
  "product_description": "Artikelnr.: 115731",
  "producthierarchy_level1": "Sortiment",
  "producthierarchy_level2": "Sortiment",
  "producthierarchy_level3": "Haushalts-Handschuhe",
  "producthierarchy_level4": "",
  "producthierarchy_level5": "",
  "producthierarchy_level6": "",
  "producthierarchy_level7": "",
  "currency": "Swiss franc",
  "file_name_1": "115731_1.jpg",
  "image_url_1": "https://sortiment.lidl.ch/media/catalog/product/cache/38c728e59b3a47950872534eff8a1e63/1/1/115731_large_PSXX.jpg",
  "file_name_2": "115731_2.jpg",
  "image_url_2": "https://sortiment.lidl.ch/media/catalog/product/cache/38c728e59b3a47950872534eff8a1e63/1/1/115731_medium_PSXX.jpg",
  "file_name_3": "115731_3.jpg",
  "image_url_3": "https://sortiment.lidl.ch/media/catalog/product/cache/38c728e59b3a47950872534eff8a1e63/1/1/115731_small_PSXX.jpg"
},
{
  "_id": {
    "$oid": "66f3ac07d23ade1eec560194"
  },
  "unique_id": "89720",
  "product_name": "Einweghandschuhe Latex",
  "brand": "W5",
  "regular_price": 8.89,
  "selling_price": 8.89,
  "price_per_unit": "pro 100 Stück",
  "breadcrumb": "Sortiment > Sortiment > Einweghandschuhe Latex",
  "pdp_url": "https://sortiment.lidl.ch/de/einweghandschuhe-latex-0089720",
  "product_description": "Artikelnr.: 89720",
  "producthierarchy_level1": "Sortiment",
  "producthierarchy_level2": "Sortiment",
  "producthierarchy_level3": "Einweghandschuhe Latex",
  "producthierarchy_level4": "",
  "producthierarchy_level5": "",
  "producthierarchy_level6": "",
  "producthierarchy_level7": "",
  "currency": "Swiss franc",
  "file_name_1": "89720_1.jpg",
  "image_url_1": "https://sortiment.lidl.ch/media/catalog/product/cache/38c728e59b3a47950872534eff8a1e63/8/9/89720_Groesse_M_PSXX.jpg",
  "file_name_2": "89720_2.jpg",
  "image_url_2": "https://sortiment.lidl.ch/media/catalog/product/cache/38c728e59b3a47950872534eff8a1e63/8/9/89720_L_PSXX.jpg",
  "file_name_3": "89720_3.jpg",
  "image_url_3": "https://sortiment.lidl.ch/media/catalog/product/cache/38c728e59b3a47950872534eff8a1e63/8/9/89720_S_PSXX.jpg"
},
{
  "_id": {
    "$oid": "66f3ac08d23ade1eec560195"
  },
  "unique_id": "18798",
  "product_name": "Feuerzeug",
  "brand": "",
  "regular_price": 1.49,
  "selling_price": 1.49,
  "price_per_unit": "pro 3 Stück",
  "breadcrumb": "Sortiment > Sortiment > Feuerzeug",
  "pdp_url": "https://sortiment.lidl.ch/de/feuerzeug-0018798",
  "product_description": "Artikelnr.: 18798",
  "producthierarchy_level1": "Sortiment",
  "producthierarchy_level2": "Sortiment",
  "producthierarchy_level3": "Feuerzeug",
  "producthierarchy_level4": "",
  "producthierarchy_level5": "",
  "producthierarchy_level6": "",
  "producthierarchy_level7": "",
  "currency": "Swiss franc",
  "file_name_1": "18798_1.jpg",
  "image_url_1": "https://sortiment.lidl.ch/media/catalog/product/cache/38c728e59b3a47950872534eff8a1e63/1/8/18798_01_PSXX.jpg",
  "file_name_2": "18798_2.jpg",
  "image_url_2": "https://sortiment.lidl.ch/media/catalog/product/cache/38c728e59b3a47950872534eff8a1e63/1/8/18798_02_PSXX.jpg",
  "file_name_3": "18798_3.jpg",
  "image_url_3": "https://sortiment.lidl.ch/media/catalog/product/cache/38c728e59b3a47950872534eff8a1e63/1/8/18798_03_PSXX.jpg",
  "file_name_4": "18798_4.jpg",
  "image_url_4": "https://sortiment.lidl.ch/media/catalog/product/cache/38c728e59b3a47950872534eff8a1e63/1/8/18798_04_PSXX.jpg"
},
{
  "_id": {
    "$oid": "66f3ac09d23ade1eec560196"
  },
  "unique_id": "29863",
  "product_name": "Batterie AAA",
  "brand": "Tronic",
  "regular_price": 3.99,
  "selling_price": 3.99,
  "price_per_unit": "pro 8 Stück",
  "breadcrumb": "Sortiment > Sortiment > Batterie AAA",
  "pdp_url": "https://sortiment.lidl.ch/de/batterie-aaa-0029863",
  "product_description": "Artikelnr.: 29863",
  "producthierarchy_level1": "Sortiment",
  "producthierarchy_level2": "Sortiment",
  "producthierarchy_level3": "Batterie AAA",
  "producthierarchy_level4": "",
  "producthierarchy_level5": "",
  "producthierarchy_level6": "",
  "producthierarchy_level7": "",
  "currency": "Swiss franc",
  "file_name_1": "29863_1.jpg",
  "image_url_1": "https://sortiment.lidl.ch/media/catalog/product/cache/38c728e59b3a47950872534eff8a1e63/2/9/29863_PSXX.jpg"
},
{
  "_id": {
    "$oid": "66f3ac0ad23ade1eec560197"
  },
  "unique_id": "29862",
  "product_name": "Batterien AA",
  "brand": "Aerocell",
  "regular_price": 4.99,
  "selling_price": 4.99,
  "price_per_unit": "pro 8 Stück | 1 Stk = 0.63 CHF",
  "breadcrumb": "Sortiment > Sortiment > Batterien AA",
  "pdp_url": "https://sortiment.lidl.ch/de/batterien-aa-0029862",
  "product_description": "Artikelnr.: 29862",
  "producthierarchy_level1": "Sortiment",
  "producthierarchy_level2": "Sortiment",
  "producthierarchy_level3": "Batterien AA",
  "producthierarchy_level4": "",
  "producthierarchy_level5": "",
  "producthierarchy_level6": "",
  "producthierarchy_level7": "",
  "currency": "Swiss franc",
  "file_name_1": "29862_1.jpg",
  "image_url_1": "https://sortiment.lidl.ch/media/catalog/product/cache/38c728e59b3a47950872534eff8a1e63/2/9/29862_PSXX.jpg"
},
{
  "_id": {
    "$oid": "66f3ac0bd23ade1eec560198"
  },
  "unique_id": "123997",
  "product_name": "Papiertragetasche FSC",
  "brand": "",
  "regular_price": 0.29,
  "selling_price": 0.29,
  "price_per_unit": "pro Stück",
  "breadcrumb": "Sortiment > Sortiment > Papiertragetasche FSC",
  "pdp_url": "https://sortiment.lidl.ch/de/papiertragetasche-fsc-0123997",
  "product_description": "Artikelnr.: 123997",
  "producthierarchy_level1": "Sortiment",
  "producthierarchy_level2": "Sortiment",
  "producthierarchy_level3": "Papiertragetasche FSC",
  "producthierarchy_level4": "",
  "producthierarchy_level5": "",
  "producthierarchy_level6": "",
  "producthierarchy_level7": "",
  "currency": "Swiss franc",
  "file_name_1": "123997_1.jpg",
  "image_url_1": "https://sortiment.lidl.ch/media/catalog/product/cache/38c728e59b3a47950872534eff8a1e63/1/2/123997_PSXX.jpg"
},
{
  "_id": {
    "$oid": "66f3ac0cd23ade1eec560199"
  },
  "unique_id": "119607",
  "product_name": "Permanent Tragetasche",
  "brand": "",
  "regular_price": 1.79,
  "selling_price": 1.79,
  "price_per_unit": "pro Stück",
  "breadcrumb": "Sortiment > Sortiment > Permanent Tragetasche",
  "pdp_url": "https://sortiment.lidl.ch/de/permanent-tragetasche-0119607",
  "product_description": "Artikelnr.: 119607",
  "producthierarchy_level1": "Sortiment",
  "producthierarchy_level2": "Sortiment",
  "producthierarchy_level3": "Permanent Tragetasche",
  "producthierarchy_level4": "",
  "producthierarchy_level5": "",
  "producthierarchy_level6": "",
  "producthierarchy_level7": "",
  "currency": "Swiss franc",
  "file_name_1": "119607_1.jpg",
  "image_url_1": "https://sortiment.lidl.ch/media/catalog/product/cache/38c728e59b3a47950872534eff8a1e63/1/1/119607_PSXX.jpg",
  "file_name_2": "119607_2.jpg",
  "image_url_2": "https://sortiment.lidl.ch/media/catalog/product/cache/38c728e59b3a47950872534eff8a1e63/1/1/119607_Sonne_PSXX.jpg",
  "file_name_3": "119607_3.jpg",
  "image_url_3": "https://sortiment.lidl.ch/media/catalog/product/cache/38c728e59b3a47950872534eff8a1e63/1/1/119607_Stucki_PSXX.jpg"
},
{
  "_id": {
    "$oid": "66f3ac0ed23ade1eec56019a"
  },
  "unique_id": "7706608",
  "product_name": "Protein Bar 50% Protein",
  "brand": "",
  "regular_price": 3.99,
  "selling_price": 3.99,
  "price_per_unit": "pro 3x45g | 100g = 2.96 CHF",
  "breadcrumb": "Sortiment > Sortiment > Protein Bar 50% Protein",
  "pdp_url": "https://sortiment.lidl.ch/de/protein-bar-50-protein-7706608",
  "product_description": "Artikelnr.: 7706608",
  "producthierarchy_level1": "Sortiment",
  "producthierarchy_level2": "Sortiment",
  "producthierarchy_level3": "Protein Bar 50% Protein",
  "producthierarchy_level4": "",
  "producthierarchy_level5": "",
  "producthierarchy_level6": "",
  "producthierarchy_level7": "",
  "currency": "Swiss franc",
  "file_name_1": "7706608_1.jpg",
  "image_url_1": "https://sortiment.lidl.ch/media/amasty/amoptmobile/catalog/product/cache/38c728e59b3a47950872534eff8a1e63/7/7/7706608_Erdnuss_PSXX.jpg",
  "file_name_2": "7706608_2.jpg",
  "image_url_2": "https://sortiment.lidl.ch/media/catalog/product/cache/38c728e59b3a47950872534eff8a1e63/7/7/7706608_Kokos_PSXX.jpg",
  "file_name_3": "7706608_3.jpg",
  "image_url_3": "https://sortiment.lidl.ch/media/catalog/product/cache/38c728e59b3a47950872534eff8a1e63/7/7/7706608_Weisseschokolade_PSXX.jpg"
},
{
  "_id": {
    "$oid": "66f3ac0fd23ade1eec56019b"
  },
  "unique_id": "140167",
  "product_name": "Omega-3 Kapseln",
  "brand": "Optisana vital",
  "regular_price": 4.39,
  "selling_price": 4.39,
  "price_per_unit": "pro 40 Stück | 1 Stk = 0.11 CHF",
  "breadcrumb": "Sortiment > Sortiment > Omega-3 Kapseln",
  "pdp_url": "https://sortiment.lidl.ch/de/omega-3-kapseln-0140167",
  "product_description": "Artikelnr.: 140167",
  "producthierarchy_level1": "Sortiment",
  "producthierarchy_level2": "Sortiment",
  "producthierarchy_level3": "Omega-3 Kapseln",
  "producthierarchy_level4": "",
  "producthierarchy_level5": "",
  "producthierarchy_level6": "",
  "producthierarchy_level7": "",
  "currency": "Swiss franc",
  "file_name_1": "140167_1.jpg",
  "image_url_1": "https://sortiment.lidl.ch/media/catalog/product/cache/38c728e59b3a47950872534eff8a1e63/1/4/140167_PSXX.jpg"
},
{
  "_id": {
    "$oid": "66f3ac10d23ade1eec56019c"
  },
  "unique_id": "51523",
  "product_name": "Magnesium Brause-Tabletten",
  "brand": "Optisana",
  "regular_price": 0.79,
  "selling_price": 0.79,
  "price_per_unit": "pro 80g",
  "breadcrumb": "Sortiment > Sortiment > Magnesium Brause-Tabletten",
  "pdp_url": "https://sortiment.lidl.ch/de/magnesium-brause-tabletten-0051523",
  "product_description": "Artikelnr.: 51523",
  "producthierarchy_level1": "Sortiment",
  "producthierarchy_level2": "Sortiment",
  "producthierarchy_level3": "Magnesium Brause-Tabletten",
  "producthierarchy_level4": "",
  "producthierarchy_level5": "",
  "producthierarchy_level6": "",
  "producthierarchy_level7": "",
  "currency": "Swiss franc",
  "file_name_1": "51523_1.jpg",
  "image_url_1": "https://sortiment.lidl.ch/media/amasty/amoptmobile/catalog/product/cache/38c728e59b3a47950872534eff8a1e63/5/1/51523_PSXX.jpg"
},
{
  "_id": {
    "$oid": "66f3ac12d23ade1eec56019d"
  },
  "unique_id": "51522",
  "product_name": "Calcium Brause-Tabletten",
  "brand": "Optisana",
  "regular_price": 0.79,
  "selling_price": 0.79,
  "price_per_unit": "pro 90g",
  "breadcrumb": "Sortiment > Sortiment > Calcium Brause-Tabletten",
  "pdp_url": "https://sortiment.lidl.ch/de/calcium-brause-tabletten-0051522",
  "product_description": "Artikelnr.: 51522",
  "producthierarchy_level1": "Sortiment",
  "producthierarchy_level2": "Sortiment",
  "producthierarchy_level3": "Calcium Brause-Tabletten",
  "producthierarchy_level4": "",
  "producthierarchy_level5": "",
  "producthierarchy_level6": "",
  "producthierarchy_level7": "",
  "currency": "Swiss franc",
  "file_name_1": "51522_1.jpg",
  "image_url_1": "https://sortiment.lidl.ch/media/catalog/product/cache/38c728e59b3a47950872534eff8a1e63/5/1/51522_PSXX.jpg"
},
{
  "_id": {
    "$oid": "66f3ac14d23ade1eec56019e"
  },
  "unique_id": "51521",
  "product_name": "Multi-Vitamin Brause-Tabletten",
  "brand": "Optisana",
  "regular_price": 0.79,
  "selling_price": 0.79,
  "price_per_unit": "pro 90g",
  "breadcrumb": "Sortiment > Sortiment > Multi-Vitamin Brause-Tabletten",
  "pdp_url": "https://sortiment.lidl.ch/de/multi-vitamin-brause-tabletten-0051521",
  "product_description": "Artikelnr.: 51521",
  "producthierarchy_level1": "Sortiment",
  "producthierarchy_level2": "Sortiment",
  "producthierarchy_level3": "Multi-Vitamin Brause-Tabletten",
  "producthierarchy_level4": "",
  "producthierarchy_level5": "",
  "producthierarchy_level6": "",
  "producthierarchy_level7": "",
  "currency": "Swiss franc",
  "file_name_1": "51521_1.jpg",
  "image_url_1": "https://sortiment.lidl.ch/media/catalog/product/cache/38c728e59b3a47950872534eff8a1e63/5/1/51521_PSXX.jpg"
},
{
  "_id": {
    "$oid": "66f3ac15d23ade1eec56019f"
  },
  "unique_id": "51515",
  "product_name": "Vitamin C Brause-Tabletten",
  "brand": "Optisana",
  "regular_price": 0.79,
  "selling_price": 0.79,
  "price_per_unit": "pro 80g",
  "breadcrumb": "Sortiment > Sortiment > Vitamin C Brause-Tabletten",
  "pdp_url": "https://sortiment.lidl.ch/de/vitamin-c-brause-tabletten-0051515",
  "product_description": "Artikelnr.: 51515",
  "producthierarchy_level1": "Sortiment",
  "producthierarchy_level2": "Sortiment",
  "producthierarchy_level3": "Vitamin C Brause-Tabletten",
  "producthierarchy_level4": "",
  "producthierarchy_level5": "",
  "producthierarchy_level6": "",
  "producthierarchy_level7": "",
  "currency": "Swiss franc",
  "file_name_1": "51515_1.jpg",
  "image_url_1": "https://sortiment.lidl.ch/media/catalog/product/cache/38c728e59b3a47950872534eff8a1e63/5/1/51515_PSXX.jpg"
},
{
  "_id": {
    "$oid": "66f3ac16d23ade1eec5601a0"
  },
  "unique_id": "5605984",
  "product_name": "Aoste Stickado",
  "brand": "Aoste",
  "regular_price": 3.99,
  "selling_price": 3.99,
  "price_per_unit": "pro 60g, 70g | 100g = 6.65, 5.70 CHF",
  "breadcrumb": "Sortiment > Sortiment > Aoste Stickado",
  "pdp_url": "https://sortiment.lidl.ch/de/aoste-stickado-5605984",
  "product_description": "Artikelnr.: 5605984",
  "producthierarchy_level1": "Sortiment",
  "producthierarchy_level2": "Sortiment",
  "producthierarchy_level3": "Aoste Stickado",
  "producthierarchy_level4": "",
  "producthierarchy_level5": "",
  "producthierarchy_level6": "",
  "producthierarchy_level7": "",
  "currency": "Swiss franc",
  "file_name_1": "5605984_1.jpg",
  "image_url_1": "https://sortiment.lidl.ch/media/catalog/product/cache/38c728e59b3a47950872534eff8a1e63/5/6/5605984_Classic_PSXX.jpg",
  "file_name_2": "5605984_2.jpg",
  "image_url_2": "https://sortiment.lidl.ch/media/catalog/product/cache/38c728e59b3a47950872534eff8a1e63/5/6/5605984_Haenchen_PSXX.jpg",
  "file_name_3": "5605984_3.jpg",
  "image_url_3": "https://sortiment.lidl.ch/media/catalog/product/cache/38c728e59b3a47950872534eff8a1e63/5/6/5605984_Pikant_PSXX.jpg",
  "file_name_4": "5605984_4.jpg",
  "image_url_4": "https://sortiment.lidl.ch/media/catalog/product/cache/38c728e59b3a47950872534eff8a1e63/5/6/5605984_Walnuss_PSXX.jpg"
},
{
  "_id": {
    "$oid": "66f3ac17d23ade1eec5601a1"
  },
  "unique_id": "3010",
  "product_name": "Malbuner Mini Sticks",
  "brand": "Malbuner",
  "regular_price": 2.65,
  "selling_price": 2.65,
  "price_per_unit": "pro 5x18g | 100g = 2.95 CHF",
  "breadcrumb": "Sortiment > Sortiment > Malbuner Mini Sticks",
  "pdp_url": "https://sortiment.lidl.ch/de/malbuner-mini-sticks-0003010",
  "product_description": "Artikelnr.: 3010",
  "producthierarchy_level1": "Sortiment",
  "producthierarchy_level2": "Sortiment",
  "producthierarchy_level3": "Malbuner Mini Sticks",
  "producthierarchy_level4": "",
  "producthierarchy_level5": "",
  "producthierarchy_level6": "",
  "producthierarchy_level7": "",
  "currency": "Swiss franc",
  "file_name_1": "3010_1.jpg",
  "image_url_1": "https://sortiment.lidl.ch/media/catalog/product/cache/38c728e59b3a47950872534eff8a1e63/3/0/3010_Classic_PSXX.jpg",
  "file_name_2": "3010_2.jpg",
  "image_url_2": "https://sortiment.lidl.ch/media/catalog/product/cache/38c728e59b3a47950872534eff8a1e63/3/0/3010_Gefl_gel_PSXX_1.jpg"
},
{
  "_id": {
    "$oid": "66f3ac18d23ade1eec5601a2"
  },
  "unique_id": "1508",
  "product_name": "Salametti",
  "brand": "Maestade",
  "regular_price": 4.95,
  "selling_price": 4.95,
  "price_per_unit": "pro 3x70g | 100g = 2.36 CHF",
  "breadcrumb": "Sortiment > Sortiment > Salametti",
  "pdp_url": "https://sortiment.lidl.ch/de/salametti-0001508",
  "product_description": "Artikelnr.: 1508",
  "producthierarchy_level1": "Sortiment",
  "producthierarchy_level2": "Sortiment",
  "producthierarchy_level3": "Salametti",
  "producthierarchy_level4": "",
  "producthierarchy_level5": "",
  "producthierarchy_level6": "",
  "producthierarchy_level7": "",
  "currency": "Swiss franc",
  "file_name_1": "1508_1.jpg",
  "image_url_1": "https://sortiment.lidl.ch/media/catalog/product/cache/38c728e59b3a47950872534eff8a1e63/1/5/1508_FKBF.jpg"
},
{
  "_id": {
    "$oid": "66f3ac19d23ade1eec5601a3"
  },
  "unique_id": "10723",
  "product_name": "Südtiroler Speck",
  "brand": "",
  "regular_price": 3.85,
  "selling_price": 3.85,
  "price_per_unit": "pro 100g, ca.300-450g",
  "breadcrumb": "Sortiment > Sortiment > Südtiroler Speck",
  "pdp_url": "https://sortiment.lidl.ch/de/suedtiroler-speck-0010723",
  "product_description": "Artikelnr.: 10723",
  "producthierarchy_level1": "Sortiment",
  "producthierarchy_level2": "Sortiment",
  "producthierarchy_level3": "Südtiroler Speck",
  "producthierarchy_level4": "",
  "producthierarchy_level5": "",
  "producthierarchy_level6": "",
  "producthierarchy_level7": "",
  "currency": "Swiss franc",
  "file_name_1": "10723_1.jpg",
  "image_url_1": "https://sortiment.lidl.ch/media/catalog/product/cache/38c728e59b3a47950872534eff8a1e63/1/0/10723_FKBF.jpg",
  "file_name_2": "10723_2.jpg",
  "image_url_2": "https://sortiment.lidl.ch/media/catalog/product/cache/38c728e59b3a47950872534eff8a1e63/1/0/10723_PSXX.jpg"
},
{
  "_id": {
    "$oid": "66f3ac1ad23ade1eec5601a4"
  },
  "unique_id": "3321",
  "product_name": "Quick Schüfeli",
  "brand": "Maestade",
  "regular_price": 1.79,
  "selling_price": 1.79,
  "price_per_unit": "pro 100g, ca. 800-1200g",
  "breadcrumb": "Sortiment > Sortiment > Quick Schüfeli",
  "pdp_url": "https://sortiment.lidl.ch/de/quick-schuefeli-0003321",
  "product_description": "Artikelnr.: 3321",
  "producthierarchy_level1": "Sortiment",
  "producthierarchy_level2": "Sortiment",
  "producthierarchy_level3": "Quick Schüfeli",
  "producthierarchy_level4": "",
  "producthierarchy_level5": "",
  "producthierarchy_level6": "",
  "producthierarchy_level7": "",
  "currency": "Swiss franc",
  "file_name_1": "3321_1.jpg",
  "image_url_1": "https://sortiment.lidl.ch/media/catalog/product/cache/38c728e59b3a47950872534eff8a1e63/3/3/3321_FKBF.jpg",
  "file_name_2": "3321_2.jpg",
  "image_url_2": "https://sortiment.lidl.ch/media/catalog/product/cache/38c728e59b3a47950872534eff8a1e63/3/3/3321_MOOB.jpg"
},
{
  "_id": {
    "$oid": "66f3ac1bd23ade1eec5601a5"
  },
  "unique_id": "3320",
  "product_name": "Quick Nussschinkli",
  "brand": "Maestade",
  "regular_price": 1.99,
  "selling_price": 1.99,
  "price_per_unit": "pro 100g, ca. 900-1300g",
  "breadcrumb": "Sortiment > Sortiment > Quick Nussschinkli",
  "pdp_url": "https://sortiment.lidl.ch/de/quick-nussschinkli-0003320",
  "product_description": "Artikelnr.: 3320",
  "producthierarchy_level1": "Sortiment",
  "producthierarchy_level2": "Sortiment",
  "producthierarchy_level3": "Quick Nussschinkli",
  "producthierarchy_level4": "",
  "producthierarchy_level5": "",
  "producthierarchy_level6": "",
  "producthierarchy_level7": "",
  "currency": "Swiss franc",
  "file_name_1": "3320_1.jpg",
  "image_url_1": "https://sortiment.lidl.ch/media/catalog/product/cache/38c728e59b3a47950872534eff8a1e63/3/3/3320_FKBF.jpg",
  "file_name_2": "3320_2.jpg",
  "image_url_2": "https://sortiment.lidl.ch/media/catalog/product/cache/38c728e59b3a47950872534eff8a1e63/3/3/3320_MOOB.jpg"
},
{
  "_id": {
    "$oid": "66f3ac1dd23ade1eec5601a6"
  },
  "unique_id": "2850",
  "product_name": "Schlaghalbrahm 30%",
  "brand": "Milbona",
  "regular_price": 3.99,
  "selling_price": 3.99,
  "price_per_unit": "pro 250g | 100g = 1.60 CHF",
  "breadcrumb": "Sortiment > Sortiment > Schlaghalbrahm 30%",
  "pdp_url": "https://sortiment.lidl.ch/de/schlaghalbrahm-30-0002850",
  "product_description": "Artikelnr.: 2850",
  "producthierarchy_level1": "Sortiment",
  "producthierarchy_level2": "Sortiment",
  "producthierarchy_level3": "Schlaghalbrahm 30%",
  "producthierarchy_level4": "",
  "producthierarchy_level5": "",
  "producthierarchy_level6": "",
  "producthierarchy_level7": "",
  "currency": "Swiss franc",
  "file_name_1": "2850_1.jpg",
  "image_url_1": "https://sortiment.lidl.ch/media/catalog/product/cache/38c728e59b3a47950872534eff8a1e63/2/8/2850_Kolli_PSXX.jpg",
  "file_name_2": "2850_2.jpg",
  "image_url_2": "https://sortiment.lidl.ch/media/catalog/product/cache/38c728e59b3a47950872534eff8a1e63/2/8/2850_PSXX.jpg"
},
{
  "_id": {
    "$oid": "66f3ac1ed23ade1eec5601a7"
  },
  "unique_id": "2384",
  "product_name": "Crème fraîche nature",
  "brand": "Milbona",
  "regular_price": 2.49,
  "selling_price": 2.49,
  "price_per_unit": "pro 200g | 100g = 1.25 CHF",
  "breadcrumb": "Sortiment > Sortiment > Crème fraîche nature",
  "pdp_url": "https://sortiment.lidl.ch/de/creme-fraiche-nature-0002384",
  "product_description": "Artikelnr.: 2384",
  "producthierarchy_level1": "Sortiment",
  "producthierarchy_level2": "Sortiment",
  "producthierarchy_level3": "Crème fraîche nature",
  "producthierarchy_level4": "",
  "producthierarchy_level5": "",
  "producthierarchy_level6": "",
  "producthierarchy_level7": "",
  "currency": "Swiss franc",
  "file_name_1": "2384_1.jpg",
  "image_url_1": "https://sortiment.lidl.ch/media/catalog/product/cache/38c728e59b3a47950872534eff8a1e63/2/3/2384_PSXX.jpg"
},
{
  "_id": {
    "$oid": "66f3ac20d23ade1eec5601a8"
  },
  "unique_id": "2383",
  "product_name": "Saurer Halbrahm",
  "brand": "Milbona",
  "regular_price": 1.55,
  "selling_price": 1.55,
  "price_per_unit": "pro 200g | 100g = 0.78 CHF",
  "breadcrumb": "Sortiment > Sortiment > Saurer Halbrahm",
  "pdp_url": "https://sortiment.lidl.ch/de/saurer-halbrahm-0002383",
  "product_description": "Artikelnr.: 2383",
  "producthierarchy_level1": "Sortiment",
  "producthierarchy_level2": "Sortiment",
  "producthierarchy_level3": "Saurer Halbrahm",
  "producthierarchy_level4": "",
  "producthierarchy_level5": "",
  "producthierarchy_level6": "",
  "producthierarchy_level7": "",
  "currency": "Swiss franc",
  "file_name_1": "2383_1.jpg",
  "image_url_1": "https://sortiment.lidl.ch/media/catalog/product/cache/38c728e59b3a47950872534eff8a1e63/2/3/2383_PSXX.jpg"
},
{
  "_id": {
    "$oid": "66f3ac21d23ade1eec5601a9"
  },
  "unique_id": "1472",
  "product_name": "Rama Cremefine zum Kochen",
  "brand": "Rama",
  "regular_price": 1.79,
  "selling_price": 1.79,
  "price_per_unit": "pro 250ml | 1L = 7.16 CHF",
  "breadcrumb": "Sortiment > Sortiment > Rama Cremefine zum Kochen",
  "pdp_url": "https://sortiment.lidl.ch/de/rama-cremefine-zum-kochen-0001472",
  "product_description": "Artikelnr.: 1472",
  "producthierarchy_level1": "Sortiment",
  "producthierarchy_level2": "Sortiment",
  "producthierarchy_level3": "Rama Cremefine zum Kochen",
  "producthierarchy_level4": "",
  "producthierarchy_level5": "",
  "producthierarchy_level6": "",
  "producthierarchy_level7": "",
  "currency": "Swiss franc",
  "file_name_1": "1472_1.jpg",
  "image_url_1": "https://sortiment.lidl.ch/media/catalog/product/cache/38c728e59b3a47950872534eff8a1e63/1/4/1472_PSXX.jpg"
},
{
  "_id": {
    "$oid": "66f3ac22d23ade1eec5601aa"
  },
  "unique_id": "5104722",
  "product_name": "Tessiner Eier",
  "brand": "typisch",
  "regular_price": 3.39,
  "selling_price": 2.79,
  "price_per_unit": "pro 6 Stück",
  "breadcrumb": "Sortiment > Sortiment > Tessiner Eier",
  "pdp_url": "https://sortiment.lidl.ch/de/tessiner-eier-5104722",
  "product_description": "Artikelnr.: 5104722",
  "producthierarchy_level1": "Sortiment",
  "producthierarchy_level2": "Sortiment",
  "producthierarchy_level3": "Tessiner Eier",
  "producthierarchy_level4": "",
  "producthierarchy_level5": "",
  "producthierarchy_level6": "",
  "producthierarchy_level7": "",
  "currency": "Swiss franc",
  "file_name_1": "5104722_1.jpg",
  "image_url_1": "https://sortiment.lidl.ch/media/catalog/product/cache/38c728e59b3a47950872534eff8a1e63/5/1/5104722_PSXX_3.jpg"
},
{
  "_id": {
    "$oid": "66f3ac23d23ade1eec5601ab"
  },
  "unique_id": "1344",
  "product_name": "Schweizer Eier Bodenhaltung",
  "brand": "",
  "regular_price": 3.95,
  "selling_price": 3.95,
  "price_per_unit": "pro 10 Stück | 1 Stk = 0.40 CHF",
  "breadcrumb": "Sortiment > Sortiment > Schweizer Eier Bodenhaltung",
  "pdp_url": "https://sortiment.lidl.ch/de/schweizer-eier-bodenhaltung-0001344",
  "product_description": "Artikelnr.: 1344",
  "producthierarchy_level1": "Sortiment",
  "producthierarchy_level2": "Sortiment",
  "producthierarchy_level3": "Schweizer Eier Bodenhaltung",
  "producthierarchy_level4": "",
  "producthierarchy_level5": "",
  "producthierarchy_level6": "",
  "producthierarchy_level7": "",
  "currency": "Swiss franc",
  "file_name_1": "1344_1.jpg",
  "image_url_1": "https://sortiment.lidl.ch/media/catalog/product/cache/38c728e59b3a47950872534eff8a1e63/1/3/1344_PSXX.jpg"
},
{
  "_id": {
    "$oid": "66f3ac25d23ade1eec5601ac"
  },
  "unique_id": "3031",
  "product_name": "Schweizer Kochbutter",
  "brand": "Milbona",
  "regular_price": 3.49,
  "selling_price": 3.49,
  "price_per_unit": "pro 250g | 100g = 1.40 CHF",
  "breadcrumb": "Sortiment > Sortiment > Schweizer Kochbutter",
  "pdp_url": "https://sortiment.lidl.ch/de/schweizer-kochbutter-0003031",
  "product_description": "Artikelnr.: 3031",
  "producthierarchy_level1": "Sortiment",
  "producthierarchy_level2": "Sortiment",
  "producthierarchy_level3": "Schweizer Kochbutter",
  "producthierarchy_level4": "",
  "producthierarchy_level5": "",
  "producthierarchy_level6": "",
  "producthierarchy_level7": "",
  "currency": "Swiss franc",
  "file_name_1": "3031_1.jpg",
  "image_url_1": "https://sortiment.lidl.ch/media/catalog/product/cache/38c728e59b3a47950872534eff8a1e63/3/0/3031_PSXX.jpg"
},
{
  "_id": {
    "$oid": "66f3ac26d23ade1eec5601ad"
  },
  "unique_id": "3266",
  "product_name": "Bio Butter",
  "brand": "Milbona",
  "regular_price": 4.25,
  "selling_price": 4.25,
  "price_per_unit": "pro 200g | 100g = 2.13 CHF",
  "breadcrumb": "Sortiment > Sortiment > Bio Butter",
  "pdp_url": "https://sortiment.lidl.ch/de/bio-butter-0003266",
  "product_description": "Artikelnr.: 3266",
  "producthierarchy_level1": "Sortiment",
  "producthierarchy_level2": "Sortiment",
  "producthierarchy_level3": "Bio Butter",
  "producthierarchy_level4": "",
  "producthierarchy_level5": "",
  "producthierarchy_level6": "",
  "producthierarchy_level7": "",
  "currency": "Swiss franc",
  "file_name_1": "3266_1.jpg",
  "image_url_1": "https://sortiment.lidl.ch/media/catalog/product/cache/38c728e59b3a47950872534eff8a1e63/3/2/3266_PSXX.jpg"
},
{
  "_id": {
    "$oid": "66f3ac27d23ade1eec5601ae"
  },
  "unique_id": "3235",
  "product_name": "Züger Bura Streichfett",
  "brand": "Züger",
  "regular_price": 3.89,
  "selling_price": 3.89,
  "price_per_unit": "pro 225g | 100g = 1.73 CHF",
  "breadcrumb": "Sortiment > Sortiment > Züger Bura Streichfett",
  "pdp_url": "https://sortiment.lidl.ch/de/zueger-bura-streichfett-0003235",
  "product_description": "Artikelnr.: 3235",
  "producthierarchy_level1": "Sortiment",
  "producthierarchy_level2": "Sortiment",
  "producthierarchy_level3": "Züger Bura Streichfett",
  "producthierarchy_level4": "",
  "producthierarchy_level5": "",
  "producthierarchy_level6": "",
  "producthierarchy_level7": "",
  "currency": "Swiss franc",
  "file_name_1": "3235_1.jpg",
  "image_url_1": "https://sortiment.lidl.ch/media/catalog/product/cache/38c728e59b3a47950872534eff8a1e63/3/2/3235_gesalzen_PSXX_1.jpg",
  "file_name_2": "3235_2.jpg",
  "image_url_2": "https://sortiment.lidl.ch/media/catalog/product/cache/38c728e59b3a47950872534eff8a1e63/3/2/3235_ungesalzen_PSXX.jpg"
},
{
  "_id": {
    "$oid": "66f3ac28d23ade1eec5601af"
  },
  "unique_id": "2692",
  "product_name": "Glarner Beurre au Ziger",
  "brand": "Glarner",
  "regular_price": 2.79,
  "selling_price": 2.79,
  "price_per_unit": "pro 80g | 100g = 3.49 CHF",
  "breadcrumb": "Sortiment > Sortiment > Glarner Beurre au Ziger",
  "pdp_url": "https://sortiment.lidl.ch/de/glarner-beurre-au-ziger-0002692",
  "product_description": "Artikelnr.: 2692",
  "producthierarchy_level1": "Sortiment",
  "producthierarchy_level2": "Sortiment",
  "producthierarchy_level3": "Glarner Beurre au Ziger",
  "producthierarchy_level4": "",
  "producthierarchy_level5": "",
  "producthierarchy_level6": "",
  "producthierarchy_level7": "",
  "currency": "Swiss franc",
  "file_name_1": "2692_1.jpg",
  "image_url_1": "https://sortiment.lidl.ch/media/catalog/product/cache/38c728e59b3a47950872534eff8a1e63/2/6/2692_PSXX.jpg"
},
{
  "_id": {
    "$oid": "66f3ac29d23ade1eec5601b0"
  },
  "unique_id": "1677",
  "product_name": "Nestlé Hirz Kräuterbutter",
  "brand": "Nestlé",
  "regular_price": 3.29,
  "selling_price": 3.29,
  "price_per_unit": "pro 100g",
  "breadcrumb": "Sortiment > Sortiment > Nestlé Hirz Kräuterbutter",
  "pdp_url": "https://sortiment.lidl.ch/de/nestle-hirz-kraeuterbutter-0001677",
  "product_description": "Artikelnr.: 1677",
  "producthierarchy_level1": "Sortiment",
  "producthierarchy_level2": "Sortiment",
  "producthierarchy_level3": "Nestlé Hirz Kräuterbutter",
  "producthierarchy_level4": "",
  "producthierarchy_level5": "",
  "producthierarchy_level6": "",
  "producthierarchy_level7": "",
  "currency": "Swiss franc",
  "file_name_1": "1677_1.jpg",
  "image_url_1": "https://sortiment.lidl.ch/media/catalog/product/cache/38c728e59b3a47950872534eff8a1e63/1/6/1677_PSXX_1.jpg"
},
{
  "_id": {
    "$oid": "66f3ac2ad23ade1eec5601b1"
  },
  "unique_id": "1634",
  "product_name": "Floralp Vorzugsbutter",
  "brand": "Floralp",
  "regular_price": 3.55,
  "selling_price": 3.55,
  "price_per_unit": "pro 200g | 100g = 1.78 CHF",
  "breadcrumb": "Sortiment > Sortiment > Floralp Vorzugsbutter",
  "pdp_url": "https://sortiment.lidl.ch/de/floralp-vorzugsbutter-0001634",
  "product_description": "Artikelnr.: 1634",
  "producthierarchy_level1": "Sortiment",
  "producthierarchy_level2": "Sortiment",
  "producthierarchy_level3": "Floralp Vorzugsbutter",
  "producthierarchy_level4": "",
  "producthierarchy_level5": "",
  "producthierarchy_level6": "",
  "producthierarchy_level7": "",
  "currency": "Swiss franc",
  "file_name_1": "1634_1.jpg",
  "image_url_1": "https://sortiment.lidl.ch/media/catalog/product/cache/38c728e59b3a47950872534eff8a1e63/1/6/1634_PSXX.jpg"
},
{
  "_id": {
    "$oid": "66f3ac2bd23ade1eec5601b2"
  },
  "unique_id": "3428",
  "product_name": "Knorr Bouillon",
  "brand": "Knorr",
  "regular_price": 9.49,
  "selling_price": 9.49,
  "price_per_unit": "pro 228g, 240g | 100g = 4.17, 3.96 CHF",
  "breadcrumb": "Sortiment > Sortiment > Knorr Bouillon",
  "pdp_url": "https://sortiment.lidl.ch/de/knorr-bouillon-0003428",
  "product_description": "Artikelnr.: 3428",
  "producthierarchy_level1": "Sortiment",
  "producthierarchy_level2": "Sortiment",
  "producthierarchy_level3": "Knorr Bouillon",
  "producthierarchy_level4": "",
  "producthierarchy_level5": "",
  "producthierarchy_level6": "",
  "producthierarchy_level7": "",
  "currency": "Swiss franc",
  "file_name_1": "3428_1.jpg",
  "image_url_1": "https://sortiment.lidl.ch/media/catalog/product/cache/38c728e59b3a47950872534eff8a1e63/3/4/3428_Gemuese_PSXX.jpg",
  "file_name_2": "3428_2.jpg",
  "image_url_2": "https://sortiment.lidl.ch/media/catalog/product/cache/38c728e59b3a47950872534eff8a1e63/3/4/3428_Huehnerbouillon_PSXX.jpg",
  "file_name_3": "3428_3.jpg",
  "image_url_3": "https://sortiment.lidl.ch/media/catalog/product/cache/38c728e59b3a47950872534eff8a1e63/3/4/3428_Rind_PSXX.jpg"
},
{
  "_id": {
    "$oid": "66f3ac2cd23ade1eec5601b3"
  },
  "unique_id": "3214",
  "product_name": "Knorr Quick Soup",
  "brand": "Knorr",
  "regular_price": 2.19,
  "selling_price": 2.19,
  "price_per_unit": "pro 34g, 48g, 56g | 100g = 6.45 bis 3.54",
  "breadcrumb": "Sortiment > Sortiment > Knorr Quick Soup",
  "pdp_url": "https://sortiment.lidl.ch/de/knorr-quick-soup-0003214",
  "product_description": "Artikelnr.: 3214",
  "producthierarchy_level1": "Sortiment",
  "producthierarchy_level2": "Sortiment",
  "producthierarchy_level3": "Knorr Quick Soup",
  "producthierarchy_level4": "",
  "producthierarchy_level5": "",
  "producthierarchy_level6": "",
  "producthierarchy_level7": "",
  "currency": "Swiss franc",
  "file_name_1": "3214_1.jpg",
  "image_url_1": "https://sortiment.lidl.ch/media/catalog/product/cache/38c728e59b3a47950872534eff8a1e63/3/2/3214_Croutons_PSXX.jpg",
  "file_name_2": "3214_2.jpg",
  "image_url_2": "https://sortiment.lidl.ch/media/catalog/product/cache/38c728e59b3a47950872534eff8a1e63/3/2/3214_Erbse_PSXX_1.jpg",
  "file_name_3": "3214_3.jpg",
  "image_url_3": "https://sortiment.lidl.ch/media/catalog/product/cache/38c728e59b3a47950872534eff8a1e63/3/2/3214_Flaedli_PSXX_1.jpg",
  "file_name_4": "3214_4.jpg",
  "image_url_4": "https://sortiment.lidl.ch/media/catalog/product/cache/38c728e59b3a47950872534eff8a1e63/3/2/3214_Gemuese_PSXX_1.jpg",
  "file_name_5": "3214_5.jpg",
  "image_url_5": "https://sortiment.lidl.ch/media/catalog/product/cache/38c728e59b3a47950872534eff8a1e63/3/2/3214_Pilz_PSXX.jpg",
  "file_name_6": "3214_6.jpg",
  "image_url_6": "https://sortiment.lidl.ch/media/catalog/product/cache/38c728e59b3a47950872534eff8a1e63/3/2/3214_Tomate_PSXX_1.jpg"
},
{
  "_id": {
    "$oid": "66f3ac2dd23ade1eec5601b4"
  },
  "unique_id": "123689",
  "product_name": "Bio Bouillon",
  "brand": "Kania",
  "regular_price": 1.29,
  "selling_price": 1.29,
  "price_per_unit": "pro 140g | 100g = 0.93 CHF",
  "breadcrumb": "Sortiment > Sortiment > Bio Bouillon",
  "pdp_url": "https://sortiment.lidl.ch/de/bio-bouillon-0123689",
  "product_description": "Artikelnr.: 123689",
  "producthierarchy_level1": "Sortiment",
  "producthierarchy_level2": "Sortiment",
  "producthierarchy_level3": "Bio Bouillon",
  "producthierarchy_level4": "",
  "producthierarchy_level5": "",
  "producthierarchy_level6": "",
  "producthierarchy_level7": "",
  "currency": "Swiss franc",
  "file_name_1": "123689_1.jpg",
  "image_url_1": "https://sortiment.lidl.ch/media/catalog/product/cache/38c728e59b3a47950872534eff8a1e63/1/2/123689_Beef_PSXX.jpg",
  "file_name_2": "123689_2.jpg",
  "image_url_2": "https://sortiment.lidl.ch/media/catalog/product/cache/38c728e59b3a47950872534eff8a1e63/1/2/123689_Chicken_PSXX.jpg",
  "file_name_3": "123689_3.jpg",
  "image_url_3": "https://sortiment.lidl.ch/media/catalog/product/cache/38c728e59b3a47950872534eff8a1e63/1/2/123689_Vegetable_PSXX.jpg"
},
{
  "_id": {
    "$oid": "66f3ac2fd23ade1eec5601b5"
  },
  "unique_id": "36474",
  "product_name": "Gemüse-Bouillon",
  "brand": "Kania",
  "regular_price": 0.89,
  "selling_price": 0.89,
  "price_per_unit": "pro 120g | 100g = 0.75 CHF",
  "breadcrumb": "Sortiment > Sortiment > Gemüse-Bouillon",
  "pdp_url": "https://sortiment.lidl.ch/de/gemuese-bouillon-0036474",
  "product_description": "Artikelnr.: 36474",
  "producthierarchy_level1": "Sortiment",
  "producthierarchy_level2": "Sortiment",
  "producthierarchy_level3": "Gemüse-Bouillon",
  "producthierarchy_level4": "",
  "producthierarchy_level5": "",
  "producthierarchy_level6": "",
  "producthierarchy_level7": "",
  "currency": "Swiss franc",
  "file_name_1": "36474_1.jpg",
  "image_url_1": "https://sortiment.lidl.ch/media/catalog/product/cache/38c728e59b3a47950872534eff8a1e63/3/6/36474_PSXX.jpg"
},
{
  "_id": {
    "$oid": "66f3ac30d23ade1eec5601b6"
  },
  "unique_id": "3427",
  "product_name": "Knorr Bouillon Paste/Granulat",
  "brand": "Knorr",
  "regular_price": 9.49,
  "selling_price": 9.49,
  "price_per_unit": "pro 200g, 240g, 250g | 100g = 4.75, 3.96, 3.80 CHF",
  "breadcrumb": "Sortiment > Sortiment > Knorr Bouillon Paste/Granulat",
  "pdp_url": "https://sortiment.lidl.ch/de/knorr-bouillon-paste-granulat-0003427",
  "product_description": "Artikelnr.: 3427",
  "producthierarchy_level1": "Sortiment",
  "producthierarchy_level2": "Sortiment",
  "producthierarchy_level3": "Knorr Bouillon Paste/Granulat",
  "producthierarchy_level4": "",
  "producthierarchy_level5": "",
  "producthierarchy_level6": "",
  "producthierarchy_level7": "",
  "currency": "Swiss franc",
  "file_name_1": "3427_1.jpg",
  "image_url_1": "https://sortiment.lidl.ch/media/catalog/product/cache/38c728e59b3a47950872534eff8a1e63/3/4/3427_Fleischsuppe_PSXX.jpg",
  "file_name_2": "3427_2.jpg",
  "image_url_2": "https://sortiment.lidl.ch/media/catalog/product/cache/38c728e59b3a47950872534eff8a1e63/3/4/3427_Gemuese_PSXX_1.jpg",
  "file_name_3": "3427_3.jpg",
  "image_url_3": "https://sortiment.lidl.ch/media/catalog/product/cache/38c728e59b3a47950872534eff8a1e63/3/4/3427_Huehner_PSXX_1.jpg"
},
{
  "_id": {
    "$oid": "66f3ac31d23ade1eec5601b7"
  },
  "unique_id": "63258",
  "product_name": "Hühner-Bouillon",
  "brand": "Kania",
  "regular_price": 0.89,
  "selling_price": 0.89,
  "price_per_unit": "pro 120g | 100g = 0.75 CHF",
  "breadcrumb": "Sortiment > Sortiment > Hühner-Bouillon",
  "pdp_url": "https://sortiment.lidl.ch/de/huehner-bouillon-0063258",
  "product_description": "Artikelnr.: 63258",
  "producthierarchy_level1": "Sortiment",
  "producthierarchy_level2": "Sortiment",
  "producthierarchy_level3": "Hühner-Bouillon",
  "producthierarchy_level4": "",
  "producthierarchy_level5": "",
  "producthierarchy_level6": "",
  "producthierarchy_level7": "",
  "currency": "Swiss franc",
  "file_name_1": "63258_1.jpg",
  "image_url_1": "https://sortiment.lidl.ch/media/amasty/amoptmobile/catalog/product/cache/38c728e59b3a47950872534eff8a1e63/6/3/63258_PSXX.jpg"
},
{
  "_id": {
    "$oid": "66f3ac32d23ade1eec5601b8"
  },
  "unique_id": "5107307",
  "product_name": "Maggi Gewürzmischung",
  "brand": "Maggi",
  "regular_price": 2.35,
  "selling_price": 2.35,
  "price_per_unit": "pro 29g-50g | 100g = 8.11 bis 4.70",
  "breadcrumb": "Sortiment > Sortiment > Maggi Gewürzmischung",
  "pdp_url": "https://sortiment.lidl.ch/de/maggi-gewuerzmischung-5107307",
  "product_description": "Artikelnr.: 5107307",
  "producthierarchy_level1": "Sortiment",
  "producthierarchy_level2": "Sortiment",
  "producthierarchy_level3": "Maggi Gewürzmischung",
  "producthierarchy_level4": "",
  "producthierarchy_level5": "",
  "producthierarchy_level6": "",
  "producthierarchy_level7": "",
  "currency": "Swiss franc",
  "file_name_1": "5107307_1.jpg",
  "image_url_1": "https://sortiment.lidl.ch/media/catalog/product/cache/38c728e59b3a47950872534eff8a1e63/5/1/5107307_Gehacktes_Hoernli_PSXX.jpg",
  "file_name_2": "5107307_2.jpg",
  "image_url_2": "https://sortiment.lidl.ch/media/catalog/product/cache/38c728e59b3a47950872534eff8a1e63/5/1/5107307_Gratin_Bolognese_PSXX.jpg",
  "file_name_3": "5107307_3.jpg",
  "image_url_3": "https://sortiment.lidl.ch/media/catalog/product/cache/38c728e59b3a47950872534eff8a1e63/5/1/5107307_MahMee_PSXX.jpg",
  "file_name_4": "5107307_4.jpg",
  "image_url_4": "https://sortiment.lidl.ch/media/catalog/product/cache/38c728e59b3a47950872534eff8a1e63/5/1/5107307_Stroganoff_PSXX_1.jpg",
  "file_name_5": "5107307_5.jpg",
  "image_url_5": "https://sortiment.lidl.ch/media/catalog/product/cache/38c728e59b3a47950872534eff8a1e63/5/1/5107307_Zuericher_Geschnetzeltes_PSXX.jpg"
},
{
  "_id": {
    "$oid": "66f3ac34d23ade1eec5601b9"
  },
  "unique_id": "36468",
  "product_name": "Fleisch-Bouillon",
  "brand": "Kania",
  "regular_price": 0.89,
  "selling_price": 0.89,
  "price_per_unit": "pro 120g | 100g = 0.75 CHF",
  "breadcrumb": "Sortiment > Sortiment > Fleisch-Bouillon",
  "pdp_url": "https://sortiment.lidl.ch/de/fleisch-bouillon-0036468",
  "product_description": "Artikelnr.: 36468",
  "producthierarchy_level1": "Sortiment",
  "producthierarchy_level2": "Sortiment",
  "producthierarchy_level3": "Fleisch-Bouillon",
  "producthierarchy_level4": "",
  "producthierarchy_level5": "",
  "producthierarchy_level6": "",
  "producthierarchy_level7": "",
  "currency": "Swiss franc",
  "file_name_1": "36468_1.jpg",
  "image_url_1": "https://sortiment.lidl.ch/media/catalog/product/cache/38c728e59b3a47950872534eff8a1e63/3/6/36468_PSXX_1.jpg"
},
{
  "_id": {
    "$oid": "66f3ac35d23ade1eec5601ba"
  },
  "unique_id": "2838",
  "product_name": "Knorr Stocki",
  "brand": "Knorr",
  "regular_price": 6.95,
  "selling_price": 6.95,
  "price_per_unit": "pro 440g | 100g = 1.58 CHF",
  "breadcrumb": "Sortiment > Sortiment > Knorr Stocki",
  "pdp_url": "https://sortiment.lidl.ch/de/knorr-stocki-0002838",
  "product_description": "Artikelnr.: 2838",
  "producthierarchy_level1": "Sortiment",
  "producthierarchy_level2": "Sortiment",
  "producthierarchy_level3": "Knorr Stocki",
  "producthierarchy_level4": "",
  "producthierarchy_level5": "",
  "producthierarchy_level6": "",
  "producthierarchy_level7": "",
  "currency": "Swiss franc",
  "file_name_1": "2838_1.jpg",
  "image_url_1": "https://sortiment.lidl.ch/media/catalog/product/cache/38c728e59b3a47950872534eff8a1e63/2/8/2838_PSXX.jpg"
},
{
  "_id": {
    "$oid": "66f3ac36d23ade1eec5601bb"
  },
  "unique_id": "112775",
  "product_name": "Bratensauce Paste/Granulat",
  "brand": "Kania",
  "regular_price": 3.99,
  "selling_price": 3.99,
  "price_per_unit": "pro 400g | 100g = 1.00 CHF",
  "breadcrumb": "Sortiment > Sortiment > Bratensauce Paste/Granulat",
  "pdp_url": "https://sortiment.lidl.ch/de/bratensauce-paste-granulat-0112775",
  "product_description": "Artikelnr.: 112775",
  "producthierarchy_level1": "Sortiment",
  "producthierarchy_level2": "Sortiment",
  "producthierarchy_level3": "Bratensauce Paste/Granulat",
  "producthierarchy_level4": "",
  "producthierarchy_level5": "",
  "producthierarchy_level6": "",
  "producthierarchy_level7": "",
  "currency": "Swiss franc",
  "file_name_1": "112775_1.jpg",
  "image_url_1": "https://sortiment.lidl.ch/media/amasty/amoptmobile/catalog/product/cache/38c728e59b3a47950872534eff8a1e63/1/1/112775_instant_PSXX.jpg",
  "file_name_2": "112775_2.jpg",
  "image_url_2": "https://sortiment.lidl.ch/media/catalog/product/cache/38c728e59b3a47950872534eff8a1e63/1/1/112775_pastoes_PSXX.jpg"
},
{
  "_id": {
    "$oid": "66f3ac37d23ade1eec5601bc"
  },
  "unique_id": "3429",
  "product_name": "Knorr Bratensauce",
  "brand": "Knorr",
  "regular_price": 7.19,
  "selling_price": 7.19,
  "price_per_unit": "pro 230g | 100g = 3.13 CHF",
  "breadcrumb": "Sortiment > Sortiment > Knorr Bratensauce",
  "pdp_url": "https://sortiment.lidl.ch/de/knorr-bratensauce-0003429",
  "product_description": "Artikelnr.: 3429",
  "producthierarchy_level1": "Sortiment",
  "producthierarchy_level2": "Sortiment",
  "producthierarchy_level3": "Knorr Bratensauce",
  "producthierarchy_level4": "",
  "producthierarchy_level5": "",
  "producthierarchy_level6": "",
  "producthierarchy_level7": "",
  "currency": "Swiss franc",
  "file_name_1": "3429_1.jpg",
  "image_url_1": "https://sortiment.lidl.ch/media/catalog/product/cache/38c728e59b3a47950872534eff8a1e63/3/4/3429_Classic_PSXX_1.jpg"
},
{
  "_id": {
    "$oid": "66f3ac38d23ade1eec5601bd"
  },
  "unique_id": "1447",
  "product_name": "Knorr Bratensauce",
  "brand": "Knorr",
  "regular_price": 4.19,
  "selling_price": 4.19,
  "price_per_unit": "pro 150g | 100g = 2.80 CHF",
  "breadcrumb": "Sortiment > Sortiment > Knorr Bratensauce",
  "pdp_url": "https://sortiment.lidl.ch/de/knorr-bratensauce-0001447",
  "product_description": "Artikelnr.: 1447",
  "producthierarchy_level1": "Sortiment",
  "producthierarchy_level2": "Sortiment",
  "producthierarchy_level3": "Knorr Bratensauce",
  "producthierarchy_level4": "",
  "producthierarchy_level5": "",
  "producthierarchy_level6": "",
  "producthierarchy_level7": "",
  "currency": "Swiss franc",
  "file_name_1": "1447_1.jpg",
  "image_url_1": "https://sortiment.lidl.ch/media/catalog/product/cache/38c728e59b3a47950872534eff8a1e63/1/4/1447_PSXX.jpg"
},
{
  "_id": {
    "$oid": "66f3ac3ad23ade1eec5601be"
  },
  "unique_id": "12408",
  "product_name": "MSC Heringsfilets",
  "brand": "Nixe",
  "regular_price": 1.99,
  "selling_price": 1.99,
  "price_per_unit": "pro 200g | 100g = 1.00 CHF",
  "breadcrumb": "Sortiment > Sortiment > MSC Heringsfilets",
  "pdp_url": "https://sortiment.lidl.ch/de/msc-heringsfilets-0012408",
  "product_description": "Artikelnr.: 12408",
  "producthierarchy_level1": "Sortiment",
  "producthierarchy_level2": "Sortiment",
  "producthierarchy_level3": "MSC Heringsfilets",
  "producthierarchy_level4": "",
  "producthierarchy_level5": "",
  "producthierarchy_level6": "",
  "producthierarchy_level7": "",
  "currency": "Swiss franc",
  "file_name_1": "12408_1.jpg",
  "image_url_1": "https://sortiment.lidl.ch/media/catalog/product/cache/38c728e59b3a47950872534eff8a1e63/1/2/12408_Dill_PSXX.jpg",
  "file_name_2": "12408_2.jpg",
  "image_url_2": "https://sortiment.lidl.ch/media/catalog/product/cache/38c728e59b3a47950872534eff8a1e63/1/2/12408_Tomato_PSXX.jpg",
  "file_name_3": "12408_3.jpg",
  "image_url_3": "https://sortiment.lidl.ch/media/catalog/product/cache/38c728e59b3a47950872534eff8a1e63/1/2/12408_per_PSXX.jpg"
},
{
  "_id": {
    "$oid": "66f3ac3bd23ade1eec5601bf"
  },
  "unique_id": "146110",
  "product_name": "MSC Thunfisch im eigenen Saft",
  "brand": "Nixe",
  "regular_price": 1.39,
  "selling_price": 1.39,
  "price_per_unit": "pro 112g (Abtropfgewicht) | 100g = 1.25 CHF",
  "breadcrumb": "Sortiment > Sortiment > MSC Thunfisch im eigenen Saft",
  "pdp_url": "https://sortiment.lidl.ch/de/msc-thunfisch-im-eigenen-saft-0146110",
  "product_description": "Artikelnr.: 146110",
  "producthierarchy_level1": "Sortiment",
  "producthierarchy_level2": "Sortiment",
  "producthierarchy_level3": "MSC Thunfisch im eigenen Saft",
  "producthierarchy_level4": "",
  "producthierarchy_level5": "",
  "producthierarchy_level6": "",
  "producthierarchy_level7": "",
  "currency": "Swiss franc",
  "file_name_1": "146110_1.jpg",
  "image_url_1": "https://sortiment.lidl.ch/media/catalog/product/cache/38c728e59b3a47950872534eff8a1e63/1/4/146110_PSXX_1.jpg"
},
{
  "_id": {
    "$oid": "66f3ac3cd23ade1eec5601c0"
  },
  "unique_id": "2334",
  "product_name": "Ferrero Nutella",
  "brand": "Ferrero",
  "regular_price": 3.99,
  "selling_price": 3.99,
  "price_per_unit": "pro 450g | 100g = 0.89 CHF",
  "breadcrumb": "Sortiment > Sortiment > Ferrero Nutella",
  "pdp_url": "https://sortiment.lidl.ch/de/ferrero-nutella-0002334",
  "product_description": "Artikelnr.: 2334",
  "producthierarchy_level1": "Sortiment",
  "producthierarchy_level2": "Sortiment",
  "producthierarchy_level3": "Ferrero Nutella",
  "producthierarchy_level4": "",
  "producthierarchy_level5": "",
  "producthierarchy_level6": "",
  "producthierarchy_level7": "",
  "currency": "Swiss franc",
  "file_name_1": "2334_1.jpg",
  "image_url_1": "https://sortiment.lidl.ch/media/catalog/product/cache/38c728e59b3a47950872534eff8a1e63/2/3/2334_PSXX.jpg"
},
{
  "_id": {
    "$oid": "66f3ac3dd23ade1eec5601c1"
  },
  "unique_id": "119550",
  "product_name": "Bio Ahornsirup",
  "brand": "Maribel",
  "regular_price": 4.95,
  "selling_price": 4.95,
  "price_per_unit": "pro 250ml | 1L = 19.80 CHF",
  "breadcrumb": "Sortiment > Sortiment > Bio Ahornsirup",
  "pdp_url": "https://sortiment.lidl.ch/de/bio-ahornsirup-0119550",
  "product_description": "Artikelnr.: 119550",
  "producthierarchy_level1": "Sortiment",
  "producthierarchy_level2": "Sortiment",
  "producthierarchy_level3": "Bio Ahornsirup",
  "producthierarchy_level4": "",
  "producthierarchy_level5": "",
  "producthierarchy_level6": "",
  "producthierarchy_level7": "",
  "currency": "Swiss franc",
  "file_name_1": "119550_1.jpg",
  "image_url_1": "https://sortiment.lidl.ch/media/catalog/product/cache/38c728e59b3a47950872534eff8a1e63/1/1/119550_PSXX.jpg"
},
{
  "_id": {
    "$oid": "66f3ac3ed23ade1eec5601c2"
  },
  "unique_id": "104580",
  "product_name": "Choco Duo Creme",
  "brand": "Mister Choc",
  "regular_price": 1.85,
  "selling_price": 1.85,
  "price_per_unit": "pro 400g | 100g = 0.47 CHF",
  "breadcrumb": "Sortiment > Sortiment > Choco Duo Creme",
  "pdp_url": "https://sortiment.lidl.ch/de/choco-duo-creme-0104580",
  "product_description": "Artikelnr.: 104580",
  "producthierarchy_level1": "Sortiment",
  "producthierarchy_level2": "Sortiment",
  "producthierarchy_level3": "Choco Duo Creme",
  "producthierarchy_level4": "",
  "producthierarchy_level5": "",
  "producthierarchy_level6": "",
  "producthierarchy_level7": "",
  "currency": "Swiss franc",
  "file_name_1": "104580_1.jpg",
  "image_url_1": "https://sortiment.lidl.ch/media/catalog/product/cache/38c728e59b3a47950872534eff8a1e63/1/0/104580_PSXX.jpg"
},
{
  "_id": {
    "$oid": "66f3ac3fd23ade1eec5601c3"
  },
  "unique_id": "22859",
  "product_name": "Nuss-Nougat Creme",
  "brand": "Choco Nussa",
  "regular_price": 1.85,
  "selling_price": 1.85,
  "price_per_unit": "pro 400g | 100g = 0.47 CHF",
  "breadcrumb": "Sortiment > Sortiment > Nuss-Nougat Creme",
  "pdp_url": "https://sortiment.lidl.ch/de/nuss-nougat-creme-0022859",
  "product_description": "Artikelnr.: 22859",
  "producthierarchy_level1": "Sortiment",
  "producthierarchy_level2": "Sortiment",
  "producthierarchy_level3": "Nuss-Nougat Creme",
  "producthierarchy_level4": "",
  "producthierarchy_level5": "",
  "producthierarchy_level6": "",
  "producthierarchy_level7": "",
  "currency": "Swiss franc",
  "file_name_1": "22859_1.jpg",
  "image_url_1": "https://sortiment.lidl.ch/media/catalog/product/cache/38c728e59b3a47950872534eff8a1e63/2/2/22859_PSXX.jpg"
},
{
  "_id": {
    "$oid": "66f3ac40d23ade1eec5601c4"
  },
  "unique_id": "3365",
  "product_name": "Ferrero Nutella",
  "brand": "Ferrero",
  "regular_price": 4.95,
  "selling_price": 4.95,
  "price_per_unit": "pro 750g | 100g = 0.66 CHF",
  "breadcrumb": "Sortiment > Sortiment > Ferrero Nutella",
  "pdp_url": "https://sortiment.lidl.ch/de/ferrero-nutella-0003365",
  "product_description": "Artikelnr.: 3365",
  "producthierarchy_level1": "Sortiment",
  "producthierarchy_level2": "Sortiment",
  "producthierarchy_level3": "Ferrero Nutella",
  "producthierarchy_level4": "",
  "producthierarchy_level5": "",
  "producthierarchy_level6": "",
  "producthierarchy_level7": "",
  "currency": "Swiss franc",
  "file_name_1": "3365_1.jpg",
  "image_url_1": "https://sortiment.lidl.ch/media/catalog/product/cache/38c728e59b3a47950872534eff8a1e63/3/3/3365_PSXX.jpg"
},
{
  "_id": {
    "$oid": "66f3ac42d23ade1eec5601c5"
  },
  "unique_id": "52439",
  "product_name": "Bio Blütenhonig",
  "brand": "Maribel",
  "regular_price": 4.99,
  "selling_price": 4.99,
  "price_per_unit": "pro 500g | 100g = 1.00 CHF",
  "breadcrumb": "Sortiment > Sortiment > Bio Blütenhonig",
  "pdp_url": "https://sortiment.lidl.ch/de/bio-bluetenhonig-0052439",
  "product_description": "Artikelnr.: 52439",
  "producthierarchy_level1": "Sortiment",
  "producthierarchy_level2": "Sortiment",
  "producthierarchy_level3": "Bio Blütenhonig",
  "producthierarchy_level4": "",
  "producthierarchy_level5": "",
  "producthierarchy_level6": "",
  "producthierarchy_level7": "",
  "currency": "Swiss franc",
  "file_name_1": "52439_1.jpg",
  "image_url_1": "https://sortiment.lidl.ch/media/catalog/product/cache/38c728e59b3a47950872534eff8a1e63/5/2/52439_cremig_PSXX.jpg",
  "file_name_2": "52439_2.jpg",
  "image_url_2": "https://sortiment.lidl.ch/media/catalog/product/cache/38c728e59b3a47950872534eff8a1e63/5/2/52439_fluessig_PSXX.jpg"
},
{
  "_id": {
    "$oid": "66f3ac43d23ade1eec5601c6"
  },
  "unique_id": "52200",
  "product_name": "Bio Konfitüre",
  "brand": "Maribel",
  "regular_price": 1.89,
  "selling_price": 1.89,
  "price_per_unit": "pro 260g | 100g = 0.73 CHF",
  "breadcrumb": "Sortiment > Sortiment > Bio Konfitüre",
  "pdp_url": "https://sortiment.lidl.ch/de/bio-konfituere-0052200",
  "product_description": "Artikelnr.: 52200",
  "producthierarchy_level1": "Sortiment",
  "producthierarchy_level2": "Sortiment",
  "producthierarchy_level3": "Bio Konfitüre",
  "producthierarchy_level4": "",
  "producthierarchy_level5": "",
  "producthierarchy_level6": "",
  "producthierarchy_level7": "",
  "currency": "Swiss franc",
  "file_name_1": "52200_1.jpg",
  "image_url_1": "https://sortiment.lidl.ch/media/catalog/product/cache/38c728e59b3a47950872534eff8a1e63/5/2/52200_Aprikose_PSXX.jpg",
  "file_name_2": "52200_2.jpg",
  "image_url_2": "https://sortiment.lidl.ch/media/catalog/product/cache/38c728e59b3a47950872534eff8a1e63/5/2/52200_Erdbeere_PSXX.jpg",
  "file_name_3": "52200_3.jpg",
  "image_url_3": "https://sortiment.lidl.ch/media/catalog/product/cache/38c728e59b3a47950872534eff8a1e63/5/2/52200_Himbeere_PSXX.jpg"
},
{
  "_id": {
    "$oid": "66f3ac44d23ade1eec5601c7"
  },
  "unique_id": "48251",
  "product_name": "Frucht-Aufstrich",
  "brand": "Deluxe",
  "regular_price": 1.99,
  "selling_price": 1.49,
  "price_per_unit": "pro 250g | 100g = 0.60 CHF",
  "breadcrumb": "Sortiment > Sortiment > Frucht-Aufstrich",
  "pdp_url": "https://sortiment.lidl.ch/de/frucht-aufstrich-0048251",
  "product_description": "Artikelnr.: 48251",
  "producthierarchy_level1": "Sortiment",
  "producthierarchy_level2": "Sortiment",
  "producthierarchy_level3": "Frucht-Aufstrich",
  "producthierarchy_level4": "",
  "producthierarchy_level5": "",
  "producthierarchy_level6": "",
  "producthierarchy_level7": "",
  "currency": "Swiss franc",
  "file_name_1": "48251_1.jpg",
  "image_url_1": "https://sortiment.lidl.ch/media/catalog/product/cache/38c728e59b3a47950872534eff8a1e63/4/8/48251_Aprikose_Deluxe_PSXX.jpg",
  "file_name_2": "48251_2.jpg",
  "image_url_2": "https://sortiment.lidl.ch/media/catalog/product/cache/38c728e59b3a47950872534eff8a1e63/4/8/48251_Erdbeere_Deluxe_PSXX.jpg",
  "file_name_3": "48251_3.jpg",
  "image_url_3": "https://sortiment.lidl.ch/media/catalog/product/cache/38c728e59b3a47950872534eff8a1e63/4/8/48251_Schwarzkirsche_Deluxe_PSXX.jpg"
},
{
  "_id": {
    "$oid": "66f3ac45d23ade1eec5601c8"
  },
  "unique_id": "31640",
  "product_name": "Bitterorange / Rhabarber- Erdbeer",
  "brand": "Maribel",
  "regular_price": 1.59,
  "selling_price": 1.59,
  "price_per_unit": "pro 450g | 100g = 0.36 CHF",
  "breadcrumb": "Sortiment > Sortiment > Bitterorange / Rhabarber- Erdbeer",
  "pdp_url": "https://sortiment.lidl.ch/de/bitterorange-rhabarber-erdbeer-0031640",
  "product_description": "Artikelnr.: 31640",
  "producthierarchy_level1": "Sortiment",
  "producthierarchy_level2": "Sortiment",
  "producthierarchy_level3": "Bitterorange / Rhabarber- Erdbeer",
  "producthierarchy_level4": "",
  "producthierarchy_level5": "",
  "producthierarchy_level6": "",
  "producthierarchy_level7": "",
  "currency": "Swiss franc",
  "file_name_1": "31640_1.jpg",
  "image_url_1": "https://sortiment.lidl.ch/media/catalog/product/cache/38c728e59b3a47950872534eff8a1e63/3/1/31640_Orange_PSXX.jpg",
  "file_name_2": "31640_2.jpg",
  "image_url_2": "https://sortiment.lidl.ch/media/catalog/product/cache/38c728e59b3a47950872534eff8a1e63/3/1/31640_PSXX.jpg"
},
{
  "_id": {
    "$oid": "66f3ac46d23ade1eec5601c9"
  },
  "unique_id": "31633",
  "product_name": "Schwarzkirsch Konfitüre extra",
  "brand": "Maribel",
  "regular_price": 1.95,
  "selling_price": 1.95,
  "price_per_unit": "pro 450g | 100g = 0.44 CHF",
  "breadcrumb": "Sortiment > Sortiment > Schwarzkirsch Konfitüre extra",
  "pdp_url": "https://sortiment.lidl.ch/de/schwarzkirsch-konfituere-extra-0031633",
  "product_description": "Artikelnr.: 31633",
  "producthierarchy_level1": "Sortiment",
  "producthierarchy_level2": "Sortiment",
  "producthierarchy_level3": "Schwarzkirsch Konfitüre extra",
  "producthierarchy_level4": "",
  "producthierarchy_level5": "",
  "producthierarchy_level6": "",
  "producthierarchy_level7": "",
  "currency": "Swiss franc",
  "file_name_1": "31633_1.jpg",
  "image_url_1": "https://sortiment.lidl.ch/media/catalog/product/cache/38c728e59b3a47950872534eff8a1e63/3/1/31633_PSXX.jpg"
},
{
  "_id": {
    "$oid": "66f3ac47d23ade1eec5601ca"
  },
  "unique_id": "5106266",
  "product_name": "Nestlé BEBA Optipro Junior",
  "brand": "Nestlé",
  "regular_price": 20.99,
  "selling_price": 20.99,
  "price_per_unit": "pro 800g | 100g = 2.63 CHF",
  "breadcrumb": "Sortiment > Sortiment > Nestlé BEBA Optipro Junior",
  "pdp_url": "https://sortiment.lidl.ch/de/nestle-beba-optipro-junior-5106266",
  "product_description": "Artikelnr.: 5106266",
  "producthierarchy_level1": "Sortiment",
  "producthierarchy_level2": "Sortiment",
  "producthierarchy_level3": "Nestlé BEBA Optipro Junior",
  "producthierarchy_level4": "",
  "producthierarchy_level5": "",
  "producthierarchy_level6": "",
  "producthierarchy_level7": "",
  "currency": "Swiss franc",
  "file_name_1": "5106266_1.jpg",
  "image_url_1": "https://sortiment.lidl.ch/media/catalog/product/cache/38c728e59b3a47950872534eff8a1e63/5/1/5106266_BEBA_JUNIOR_18_PSXX.jpg",
  "file_name_2": "5106266_2.jpg",
  "image_url_2": "https://sortiment.lidl.ch/media/catalog/product/cache/38c728e59b3a47950872534eff8a1e63/5/1/5106266_Junior_12_PSXX.jpg"
},
{
  "_id": {
    "$oid": "66f3ac48d23ade1eec5601cb"
  },
  "unique_id": "5106270",
  "product_name": "Nestlé Milchgriess",
  "brand": "Nestlé",
  "regular_price": 8.45,
  "selling_price": 8.45,
  "price_per_unit": "pro 450g | 100g = 1.88 CHF",
  "breadcrumb": "Sortiment > Sortiment > Nestlé Milchgriess",
  "pdp_url": "https://sortiment.lidl.ch/de/nestle-milchgriess-5106270",
  "product_description": "Artikelnr.: 5106270",
  "producthierarchy_level1": "Sortiment",
  "producthierarchy_level2": "Sortiment",
  "producthierarchy_level3": "Nestlé Milchgriess",
  "producthierarchy_level4": "",
  "producthierarchy_level5": "",
  "producthierarchy_level6": "",
  "producthierarchy_level7": "",
  "currency": "Swiss franc",
  "file_name_1": "5106270_1.jpg",
  "image_url_1": "https://sortiment.lidl.ch/media/catalog/product/cache/38c728e59b3a47950872534eff8a1e63/5/1/5106270_Milchgriess_PSXX.jpg",
  "file_name_2": "5106270_2.jpg",
  "image_url_2": "https://sortiment.lidl.ch/media/catalog/product/cache/38c728e59b3a47950872534eff8a1e63/5/1/5106270_PSXX_4.jpg"
},
{
  "_id": {
    "$oid": "66f3ac49d23ade1eec5601cc"
  },
  "unique_id": "1573",
  "product_name": "Kaffeerahm Portionen",
  "brand": "Milbona",
  "regular_price": 1.19,
  "selling_price": 1.19,
  "price_per_unit": "pro 20x12g | 100g = 0.50 CHF",
  "breadcrumb": "Sortiment > Sortiment > Kaffeerahm Portionen",
  "pdp_url": "https://sortiment.lidl.ch/de/kaffeerahm-portionen-0001573",
  "product_description": "Artikelnr.: 1573",
  "producthierarchy_level1": "Sortiment",
  "producthierarchy_level2": "Sortiment",
  "producthierarchy_level3": "Kaffeerahm Portionen",
  "producthierarchy_level4": "",
  "producthierarchy_level5": "",
  "producthierarchy_level6": "",
  "producthierarchy_level7": "",
  "currency": "Swiss franc",
  "file_name_1": "1573_1.jpg",
  "image_url_1": "https://sortiment.lidl.ch/media/catalog/product/cache/38c728e59b3a47950872534eff8a1e63/1/5/1573_PSXX.jpg"
},
{
  "_id": {
    "$oid": "66f3ac4ad23ade1eec5601cd"
  },
  "unique_id": "5104185",
  "product_name": "Kaffeerahm",
  "brand": "Milbona",
  "regular_price": 1.25,
  "selling_price": 1.25,
  "price_per_unit": "pro 250ml | 1L = 5.00 CHF",
  "breadcrumb": "Sortiment > Sortiment > Kaffeerahm",
  "pdp_url": "https://sortiment.lidl.ch/de/kaffeerahm-5104185",
  "product_description": "Artikelnr.: 5104185",
  "producthierarchy_level1": "Sortiment",
  "producthierarchy_level2": "Sortiment",
  "producthierarchy_level3": "Kaffeerahm",
  "producthierarchy_level4": "",
  "producthierarchy_level5": "",
  "producthierarchy_level6": "",
  "producthierarchy_level7": "",
  "currency": "Swiss franc",
  "file_name_1": "5104185_1.jpg",
  "image_url_1": "https://sortiment.lidl.ch/media/catalog/product/cache/38c728e59b3a47950872534eff8a1e63/5/1/5104185_PSXX.jpg"
},
{
  "_id": {
    "$oid": "66f3ac4bd23ade1eec5601ce"
  },
  "unique_id": "5103532",
  "product_name": "Kaffeerahm",
  "brand": "Milbona",
  "regular_price": 1.99,
  "selling_price": 1.99,
  "price_per_unit": "pro 500ml | 1L = 3.98 CHF",
  "breadcrumb": "Sortiment > Sortiment > Kaffeerahm",
  "pdp_url": "https://sortiment.lidl.ch/de/kaffeerahm-5103532",
  "product_description": "Artikelnr.: 5103532",
  "producthierarchy_level1": "Sortiment",
  "producthierarchy_level2": "Sortiment",
  "producthierarchy_level3": "Kaffeerahm",
  "producthierarchy_level4": "",
  "producthierarchy_level5": "",
  "producthierarchy_level6": "",
  "producthierarchy_level7": "",
  "currency": "Swiss franc",
  "file_name_1": "5103532_1.jpg",
  "image_url_1": "https://sortiment.lidl.ch/media/catalog/product/cache/38c728e59b3a47950872534eff8a1e63/5/1/5103532_PSXX.jpg"
},
{
  "_id": {
    "$oid": "66f3ac4dd23ade1eec5601cf"
  },
  "unique_id": "2316",
  "product_name": "Halbrahm UHT 25%",
  "brand": "Milbona",
  "regular_price": 2.69,
  "selling_price": 2.25,
  "price_per_unit": "pro 500ml | 1L = 4.50 CHF",
  "breadcrumb": "Sortiment > Sortiment > Halbrahm UHT 25%",
  "pdp_url": "https://sortiment.lidl.ch/de/halbrahm-uht-25-0002316",
  "product_description": "Artikelnr.: 2316",
  "producthierarchy_level1": "Sortiment",
  "producthierarchy_level2": "Sortiment",
  "producthierarchy_level3": "Halbrahm UHT 25%",
  "producthierarchy_level4": "",
  "producthierarchy_level5": "",
  "producthierarchy_level6": "",
  "producthierarchy_level7": "",
  "currency": "Swiss franc",
  "file_name_1": "2316_1.jpg",
  "image_url_1": "https://sortiment.lidl.ch/media/catalog/product/cache/38c728e59b3a47950872534eff8a1e63/2/3/2316_PSXX.jpg"
},
{
  "_id": {
    "$oid": "66f3ac4fd23ade1eec5601d0"
  },
  "unique_id": "2315",
  "product_name": "Vollrahm 35%",
  "brand": "Milbona",
  "regular_price": 3.49,
  "selling_price": 3.49,
  "price_per_unit": "pro 500ml | 1L = 6.98 CHF",
  "breadcrumb": "Sortiment > Sortiment > Vollrahm 35%",
  "pdp_url": "https://sortiment.lidl.ch/de/vollrahm-35-0002315",
  "product_description": "Artikelnr.: 2315",
  "producthierarchy_level1": "Sortiment",
  "producthierarchy_level2": "Sortiment",
  "producthierarchy_level3": "Vollrahm 35%",
  "producthierarchy_level4": "",
  "producthierarchy_level5": "",
  "producthierarchy_level6": "",
  "producthierarchy_level7": "",
  "currency": "Swiss franc",
  "file_name_1": "2315_1.jpg",
  "image_url_1": "https://sortiment.lidl.ch/media/catalog/product/cache/38c728e59b3a47950872534eff8a1e63/2/3/2315_PSXX.jpg"
},
{
  "_id": {
    "$oid": "66f3ac50d23ade1eec5601d1"
  },
  "unique_id": "127358",
  "product_name": "Bio Sojadrink",
  "brand": "Vemondo",
  "regular_price": 1.59,
  "selling_price": 1.59,
  "price_per_unit": "pro 1l",
  "breadcrumb": "Sortiment > Sortiment > Bio Sojadrink",
  "pdp_url": "https://sortiment.lidl.ch/de/bio-sojadrink-0127358",
  "product_description": "Artikelnr.: 127358",
  "producthierarchy_level1": "Sortiment",
  "producthierarchy_level2": "Sortiment",
  "producthierarchy_level3": "Bio Sojadrink",
  "producthierarchy_level4": "",
  "producthierarchy_level5": "",
  "producthierarchy_level6": "",
  "producthierarchy_level7": "",
  "currency": "Swiss franc",
  "file_name_1": "127358_1.jpg",
  "image_url_1": "https://sortiment.lidl.ch/media/catalog/product/cache/38c728e59b3a47950872534eff8a1e63/1/2/127358_PSXX.jpg"
},
{
  "_id": {
    "$oid": "66f3ac51d23ade1eec5601d2"
  },
  "unique_id": "5350",
  "product_name": "Choco-Drink",
  "brand": "Milbona",
  "regular_price": 0.55,
  "selling_price": 0.55,
  "price_per_unit": "pro 250ml | 1L = 2.20 CHF",
  "breadcrumb": "Sortiment > Sortiment > Choco-Drink",
  "pdp_url": "https://sortiment.lidl.ch/de/choco-drink-0005350",
  "product_description": "Artikelnr.: 5350",
  "producthierarchy_level1": "Sortiment",
  "producthierarchy_level2": "Sortiment",
  "producthierarchy_level3": "Choco-Drink",
  "producthierarchy_level4": "",
  "producthierarchy_level5": "",
  "producthierarchy_level6": "",
  "producthierarchy_level7": "",
  "currency": "Swiss franc",
  "file_name_1": "5350_1.jpg",
  "image_url_1": "https://sortiment.lidl.ch/media/catalog/product/cache/38c728e59b3a47950872534eff8a1e63/5/3/5350_PSXX.jpg"
},
{
  "_id": {
    "$oid": "66f3ac52d23ade1eec5601d3"
  },
  "unique_id": "1574",
  "product_name": "Choco-Drink",
  "brand": "Milbona",
  "regular_price": 0.89,
  "selling_price": 0.89,
  "price_per_unit": "pro 500ml | 1L = 1.78 CHF",
  "breadcrumb": "Sortiment > Sortiment > Choco-Drink",
  "pdp_url": "https://sortiment.lidl.ch/de/choco-drink-0001574",
  "product_description": "Artikelnr.: 1574",
  "producthierarchy_level1": "Sortiment",
  "producthierarchy_level2": "Sortiment",
  "producthierarchy_level3": "Choco-Drink",
  "producthierarchy_level4": "",
  "producthierarchy_level5": "",
  "producthierarchy_level6": "",
  "producthierarchy_level7": "",
  "currency": "Swiss franc",
  "file_name_1": "1574_1.jpg",
  "image_url_1": "https://sortiment.lidl.ch/media/catalog/product/cache/38c728e59b3a47950872534eff8a1e63/1/5/1574_PSXX.jpg"
},
{
  "_id": {
    "$oid": "66f3ac53d23ade1eec5601d4"
  },
  "unique_id": "5107921",
  "product_name": "Milchdrink laktosefrei 1,5%",
  "brand": "Milbona",
  "regular_price": 1.99,
  "selling_price": 1.99,
  "price_per_unit": "pro 1000ml",
  "breadcrumb": "Sortiment > Sortiment > Milchdrink laktosefrei 1,5%",
  "pdp_url": "https://sortiment.lidl.ch/de/milchdrink-laktosefrei-1-5-5107921",
  "product_description": "Artikelnr.: 5107921",
  "producthierarchy_level1": "Sortiment",
  "producthierarchy_level2": "Sortiment",
  "producthierarchy_level3": "Milchdrink laktosefrei 1,5%",
  "producthierarchy_level4": "",
  "producthierarchy_level5": "",
  "producthierarchy_level6": "",
  "producthierarchy_level7": "",
  "currency": "Swiss franc",
  "file_name_1": "5107921_1.jpg",
  "image_url_1": "https://sortiment.lidl.ch/media/catalog/product/cache/38c728e59b3a47950872534eff8a1e63/5/1/5107921_Kolli_PSXX.jpg",
  "file_name_2": "5107921_2.jpg",
  "image_url_2": "https://sortiment.lidl.ch/media/catalog/product/cache/38c728e59b3a47950872534eff8a1e63/5/1/5107921_PSXX.jpg"
},
{
  "_id": {
    "$oid": "66f3ac55d23ade1eec5601d5"
  },
  "unique_id": "5106480",
  "product_name": "Magermilch 0,1%",
  "brand": "Milbona",
  "regular_price": 1.55,
  "selling_price": 1.55,
  "price_per_unit": "pro 1000ml",
  "breadcrumb": "Sortiment > Sortiment > Magermilch 0,1%",
  "pdp_url": "https://sortiment.lidl.ch/de/magermilch-0-1-5106480",
  "product_description": "Artikelnr.: 5106480",
  "producthierarchy_level1": "Sortiment",
  "producthierarchy_level2": "Sortiment",
  "producthierarchy_level3": "Magermilch 0,1%",
  "producthierarchy_level4": "",
  "producthierarchy_level5": "",
  "producthierarchy_level6": "",
  "producthierarchy_level7": "",
  "currency": "Swiss franc",
  "file_name_1": "5106480_1.jpg",
  "image_url_1": "https://sortiment.lidl.ch/media/catalog/product/cache/38c728e59b3a47950872534eff8a1e63/5/1/5106480_PSXX.jpg"
},
{
  "_id": {
    "$oid": "66f3ac56d23ade1eec5601d6"
  },
  "unique_id": "34593",
  "product_name": "Vollmilch 3,5%",
  "brand": "Milbona",
  "regular_price": 1.75,
  "selling_price": 1.75,
  "price_per_unit": "pro 1500ml | 1L = 1.17 CHF",
  "breadcrumb": "Sortiment > Sortiment > Vollmilch 3,5%",
  "pdp_url": "https://sortiment.lidl.ch/de/vollmilch-3-5-0034593",
  "product_description": "Artikelnr.: 34593",
  "producthierarchy_level1": "Sortiment",
  "producthierarchy_level2": "Sortiment",
  "producthierarchy_level3": "Vollmilch 3,5%",
  "producthierarchy_level4": "",
  "producthierarchy_level5": "",
  "producthierarchy_level6": "",
  "producthierarchy_level7": "",
  "currency": "Swiss franc",
  "file_name_1": "34593_1.jpg",
  "image_url_1": "https://sortiment.lidl.ch/media/catalog/product/cache/38c728e59b3a47950872534eff8a1e63/3/4/34593_PSXX_1.jpg"
},
{
  "_id": {
    "$oid": "66f3ac57d23ade1eec5601d7"
  },
  "unique_id": "34590",
  "product_name": "Milchdrink 1,5%",
  "brand": "Milbona",
  "regular_price": 1.75,
  "selling_price": 1.75,
  "price_per_unit": "pro 1500ml | 1L = 1.17 CHF",
  "breadcrumb": "Sortiment > Sortiment > Milchdrink 1,5%",
  "pdp_url": "https://sortiment.lidl.ch/de/milchdrink-1-5-0034590",
  "product_description": "Artikelnr.: 34590",
  "producthierarchy_level1": "Sortiment",
  "producthierarchy_level2": "Sortiment",
  "producthierarchy_level3": "Milchdrink 1,5%",
  "producthierarchy_level4": "",
  "producthierarchy_level5": "",
  "producthierarchy_level6": "",
  "producthierarchy_level7": "",
  "currency": "Swiss franc",
  "file_name_1": "34590_1.jpg",
  "image_url_1": "https://sortiment.lidl.ch/media/catalog/product/cache/38c728e59b3a47950872534eff8a1e63/3/4/34590_PSXX_1.jpg"
},
{
  "_id": {
    "$oid": "66f3ac58d23ade1eec5601d8"
  },
  "unique_id": "5105404",
  "product_name": "L&M Fine Cut Blue Label Box",
  "brand": "L&M",
  "regular_price": 8.19,
  "selling_price": 8.19,
  "price_per_unit": "pro 20 Stück",
  "breadcrumb": "Sortiment > Sortiment > L&M Fine Cut Blue Label Box",
  "pdp_url": "https://sortiment.lidl.ch/de/l-m-fine-cut-blue-label-box-5105404",
  "product_description": "Artikelnr.: 5105404",
  "producthierarchy_level1": "Sortiment",
  "producthierarchy_level2": "Sortiment",
  "producthierarchy_level3": "L&M Fine Cut Blue Label Box",
  "producthierarchy_level4": "",
  "producthierarchy_level5": "",
  "producthierarchy_level6": "",
  "producthierarchy_level7": "",
  "currency": "Swiss franc",
  "file_name_1": "5105404_1.jpg",
  "image_url_1": "https://sortiment.lidl.ch/media/catalog/product/cache/38c728e59b3a47950872534eff8a1e63/5/1/5105404_PSXX.jpg"
},
{
  "_id": {
    "$oid": "66f3ac59d23ade1eec5601d9"
  },
  "unique_id": "22586",
  "product_name": "Filterhülsen",
  "brand": "Goldfield",
  "regular_price": 2.75,
  "selling_price": 2.75,
  "price_per_unit": "pro 200 Stück",
  "breadcrumb": "Sortiment > Sortiment > Filterhülsen",
  "pdp_url": "https://sortiment.lidl.ch/de/filterhuelsen-0022586",
  "product_description": "Artikelnr.: 22586",
  "producthierarchy_level1": "Sortiment",
  "producthierarchy_level2": "Sortiment",
  "producthierarchy_level3": "Filterhülsen",
  "producthierarchy_level4": "",
  "producthierarchy_level5": "",
  "producthierarchy_level6": "",
  "producthierarchy_level7": "",
  "currency": "Swiss franc",
  "file_name_1": "22586_1.jpg",
  "image_url_1": "https://sortiment.lidl.ch/media/catalog/product/cache/38c728e59b3a47950872534eff8a1e63/2/2/22586_PSXX.jpg"
},
{
  "_id": {
    "$oid": "66f3ac5ad23ade1eec5601da"
  },
  "unique_id": "2997",
  "product_name": "Winston Classic B",
  "brand": "Winston",
  "regular_price": 8.49,
  "selling_price": 8.49,
  "price_per_unit": "pro 20 Stück",
  "breadcrumb": "Sortiment > Sortiment > Winston Classic B",
  "pdp_url": "https://sortiment.lidl.ch/de/winston-classic-b-0002997",
  "product_description": "Artikelnr.: 2997",
  "producthierarchy_level1": "Sortiment",
  "producthierarchy_level2": "Sortiment",
  "producthierarchy_level3": "Winston Classic B",
  "producthierarchy_level4": "",
  "producthierarchy_level5": "",
  "producthierarchy_level6": "",
  "producthierarchy_level7": "",
  "currency": "Swiss franc",
  "file_name_1": "2997_1.jpg",
  "image_url_1": "https://sortiment.lidl.ch/media/catalog/product/cache/38c728e59b3a47950872534eff8a1e63/2/9/2997_PSXX.jpg"
},
{
  "_id": {
    "$oid": "66f3ac5cd23ade1eec5601db"
  },
  "unique_id": "2710",
  "product_name": "Muratti Ambassado",
  "brand": "Muratti",
  "regular_price": 9.49,
  "selling_price": 9.49,
  "price_per_unit": "pro 20 Stück",
  "breadcrumb": "Sortiment > Sortiment > Muratti Ambassado",
  "pdp_url": "https://sortiment.lidl.ch/de/muratti-ambassado-0002710",
  "product_description": "Artikelnr.: 2710",
  "producthierarchy_level1": "Sortiment",
  "producthierarchy_level2": "Sortiment",
  "producthierarchy_level3": "Muratti Ambassado",
  "producthierarchy_level4": "",
  "producthierarchy_level5": "",
  "producthierarchy_level6": "",
  "producthierarchy_level7": "",
  "currency": "Swiss franc",
  "file_name_1": "2710_1.jpg",
  "image_url_1": "https://sortiment.lidl.ch/media/catalog/product/cache/38c728e59b3a47950872534eff8a1e63/2/7/2710_PSXX.jpg"
},
{
  "_id": {
    "$oid": "66f3ac5dd23ade1eec5601dc"
  },
  "unique_id": "2416",
  "product_name": "Chesterfield Original Box",
  "brand": "Chesterfield",
  "regular_price": 7.79,
  "selling_price": 7.79,
  "price_per_unit": "pro 20 Stück",
  "breadcrumb": "Sortiment > Sortiment > Chesterfield Original Box",
  "pdp_url": "https://sortiment.lidl.ch/de/chesterfield-original-box-0002416",
  "product_description": "Artikelnr.: 2416",
  "producthierarchy_level1": "Sortiment",
  "producthierarchy_level2": "Sortiment",
  "producthierarchy_level3": "Chesterfield Original Box",
  "producthierarchy_level4": "",
  "producthierarchy_level5": "",
  "producthierarchy_level6": "",
  "producthierarchy_level7": "",
  "currency": "Swiss franc",
  "file_name_1": "2416_1.jpg",
  "image_url_1": "https://sortiment.lidl.ch/media/catalog/product/cache/38c728e59b3a47950872534eff8a1e63/2/4/2416_PSXX.jpg"
},
{
  "_id": {
    "$oid": "66f3ac5ed23ade1eec5601dd"
  },
  "unique_id": "2112",
  "product_name": "Parisienne Jaune Box",
  "brand": "Parisienne",
  "regular_price": 8.09,
  "selling_price": 8.09,
  "price_per_unit": "pro 20 Stück",
  "breadcrumb": "Sortiment > Sortiment > Parisienne Jaune Box",
  "pdp_url": "https://sortiment.lidl.ch/de/parisienne-jaune-box-0002112",
  "product_description": "Artikelnr.: 2112",
  "producthierarchy_level1": "Sortiment",
  "producthierarchy_level2": "Sortiment",
  "producthierarchy_level3": "Parisienne Jaune Box",
  "producthierarchy_level4": "",
  "producthierarchy_level5": "",
  "producthierarchy_level6": "",
  "producthierarchy_level7": "",
  "currency": "Swiss franc",
  "file_name_1": "2112_1.jpg",
  "image_url_1": "https://sortiment.lidl.ch/media/catalog/product/cache/38c728e59b3a47950872534eff8a1e63/2/1/2112_PSXX.jpg"
},
{
  "_id": {
    "$oid": "66f3ac5fd23ade1eec5601de"
  },
  "unique_id": "2110",
  "product_name": "Parisienne Blonde Box",
  "brand": "Parisienne",
  "regular_price": 8.09,
  "selling_price": 8.09,
  "price_per_unit": "pro 20 Stück",
  "breadcrumb": "Sortiment > Sortiment > Parisienne Blonde Box",
  "pdp_url": "https://sortiment.lidl.ch/de/parisienne-blonde-box-0002110",
  "product_description": "Artikelnr.: 2110",
  "producthierarchy_level1": "Sortiment",
  "producthierarchy_level2": "Sortiment",
  "producthierarchy_level3": "Parisienne Blonde Box",
  "producthierarchy_level4": "",
  "producthierarchy_level5": "",
  "producthierarchy_level6": "",
  "producthierarchy_level7": "",
  "currency": "Swiss franc",
  "file_name_1": "2110_1.jpg",
  "image_url_1": "https://sortiment.lidl.ch/media/catalog/product/cache/38c728e59b3a47950872534eff8a1e63/2/1/2110_PSXX.jpg"
},
{
  "_id": {
    "$oid": "66f3ac60d23ade1eec5601df"
  },
  "unique_id": "1204",
  "product_name": "Camel Box-Camel Bo",
  "brand": "Camel",
  "regular_price": 9.09,
  "selling_price": 9.09,
  "price_per_unit": "pro 20 Stück",
  "breadcrumb": "Sortiment > Sortiment > Camel Box-Camel Bo",
  "pdp_url": "https://sortiment.lidl.ch/de/camel-box-camel-bo-0001204",
  "product_description": "Artikelnr.: 1204",
  "producthierarchy_level1": "Sortiment",
  "producthierarchy_level2": "Sortiment",
  "producthierarchy_level3": "Camel Box-Camel Bo",
  "producthierarchy_level4": "",
  "producthierarchy_level5": "",
  "producthierarchy_level6": "",
  "producthierarchy_level7": "",
  "currency": "Swiss franc",
  "file_name_1": "1204_1.jpg",
  "image_url_1": "https://sortiment.lidl.ch/media/catalog/product/cache/38c728e59b3a47950872534eff8a1e63/1/2/1204_PSXX.jpg"
},
{
  "_id": {
    "$oid": "66f3ac61d23ade1eec5601e0"
  },
  "unique_id": "1203",
  "product_name": "Winston Balanced Blue Box",
  "brand": "Winston",
  "regular_price": 8.09,
  "selling_price": 8.09,
  "price_per_unit": "pro 20 Stück",
  "breadcrumb": "Sortiment > Sortiment > Winston Balanced Blue Box",
  "pdp_url": "https://sortiment.lidl.ch/de/winston-balanced-blue-box-0001203",
  "product_description": "Artikelnr.: 1203",
  "producthierarchy_level1": "Sortiment",
  "producthierarchy_level2": "Sortiment",
  "producthierarchy_level3": "Winston Balanced Blue Box",
  "producthierarchy_level4": "",
  "producthierarchy_level5": "",
  "producthierarchy_level6": "",
  "producthierarchy_level7": "",
  "currency": "Swiss franc",
  "file_name_1": "1203_1.jpg",
  "image_url_1": "https://sortiment.lidl.ch/media/amasty/amoptmobile/catalog/product/cache/38c728e59b3a47950872534eff8a1e63/1/2/1203_PSXX.jpg"
},
{
  "_id": {
    "$oid": "66f3ac62d23ade1eec5601e1"
  },
  "unique_id": "1202",
  "product_name": "Kent Surround Original",
  "brand": "Kent",
  "regular_price": 8.79,
  "selling_price": 8.79,
  "price_per_unit": "pro 20 Stück",
  "breadcrumb": "Sortiment > Sortiment > Kent Surround Original",
  "pdp_url": "https://sortiment.lidl.ch/de/kent-surround-original-0001202",
  "product_description": "Artikelnr.: 1202",
  "producthierarchy_level1": "Sortiment",
  "producthierarchy_level2": "Sortiment",
  "producthierarchy_level3": "Kent Surround Original",
  "producthierarchy_level4": "",
  "producthierarchy_level5": "",
  "producthierarchy_level6": "",
  "producthierarchy_level7": "",
  "currency": "Swiss franc",
  "file_name_1": "1202_1.jpg",
  "image_url_1": "https://sortiment.lidl.ch/media/catalog/product/cache/38c728e59b3a47950872534eff8a1e63/1/2/1202_PSXX.jpg"
},
{
  "_id": {
    "$oid": "66f3ac64d23ade1eec5601e2"
  },
  "unique_id": "1200",
  "product_name": "Marlboro Gold Box",
  "brand": "Marlboro",
  "regular_price": 8.79,
  "selling_price": 8.79,
  "price_per_unit": "pro 20 Stück",
  "breadcrumb": "Sortiment > Sortiment > Marlboro Gold Box",
  "pdp_url": "https://sortiment.lidl.ch/de/marlboro-gold-box-0001200",
  "product_description": "Artikelnr.: 1200 *Konkurrenzvergleich:  29.05.2024",
  "producthierarchy_level1": "Sortiment",
  "producthierarchy_level2": "Sortiment",
  "producthierarchy_level3": "Marlboro Gold Box",
  "producthierarchy_level4": "",
  "producthierarchy_level5": "",
  "producthierarchy_level6": "",
  "producthierarchy_level7": "",
  "currency": "Swiss franc",
  "file_name_1": "1200_1.jpg",
  "image_url_1": "https://sortiment.lidl.ch/media/catalog/product/cache/38c728e59b3a47950872534eff8a1e63/1/2/1200_Einzel_PSXX.jpg",
  "file_name_2": "1200_2.jpg",
  "image_url_2": "https://sortiment.lidl.ch/media/catalog/product/cache/38c728e59b3a47950872534eff8a1e63/1/2/1200_Stange_PSXX.jpg"
},
{
  "_id": {
    "$oid": "66f3ac65d23ade1eec5601e3"
  },
  "unique_id": "1199",
  "product_name": "Marlboro Rot Box",
  "brand": "Marlboro",
  "regular_price": 8.79,
  "selling_price": 8.79,
  "price_per_unit": "pro 20 Stück",
  "breadcrumb": "Sortiment > Sortiment > Marlboro Rot Box",
  "pdp_url": "https://sortiment.lidl.ch/de/marlboro-rot-box-0001199",
  "product_description": "Artikelnr.: 1199 *Konkurrenzvergleich:  29.05.2024",
  "producthierarchy_level1": "Sortiment",
  "producthierarchy_level2": "Sortiment",
  "producthierarchy_level3": "Marlboro Rot Box",
  "producthierarchy_level4": "",
  "producthierarchy_level5": "",
  "producthierarchy_level6": "",
  "producthierarchy_level7": "",
  "currency": "Swiss franc",
  "file_name_1": "1199_1.jpg",
  "image_url_1": "https://sortiment.lidl.ch/media/catalog/product/cache/38c728e59b3a47950872534eff8a1e63/1/1/1199_Einzel_PSXX.jpg",
  "file_name_2": "1199_2.jpg",
  "image_url_2": "https://sortiment.lidl.ch/media/catalog/product/cache/38c728e59b3a47950872534eff8a1e63/1/1/1199_Red100_right_PSXX.jpg",
  "file_name_3": "1199_3.jpg",
  "image_url_3": "https://sortiment.lidl.ch/media/catalog/product/cache/38c728e59b3a47950872534eff8a1e63/1/1/1199_RedBOX_right_PXX.jpg",
  "file_name_4": "1199_4.jpg",
  "image_url_4": "https://sortiment.lidl.ch/media/catalog/product/cache/38c728e59b3a47950872534eff8a1e63/1/1/1199_Stange_PSXX.jpg"
},
{
  "_id": {
    "$oid": "66f3ac66d23ade1eec5601e4"
  },
  "unique_id": "1198",
  "product_name": "Brunette Filter Soft",
  "brand": "Brunette",
  "regular_price": 9.29,
  "selling_price": 9.29,
  "price_per_unit": "pro 20 Stück",
  "breadcrumb": "Sortiment > Sortiment > Brunette Filter Soft",
  "pdp_url": "https://sortiment.lidl.ch/de/brunette-filter-soft-0001198",
  "product_description": "Artikelnr.: 1198",
  "producthierarchy_level1": "Sortiment",
  "producthierarchy_level2": "Sortiment",
  "producthierarchy_level3": "Brunette Filter Soft",
  "producthierarchy_level4": "",
  "producthierarchy_level5": "",
  "producthierarchy_level6": "",
  "producthierarchy_level7": "",
  "currency": "Swiss franc",
  "file_name_1": "1198_1.jpg",
  "image_url_1": "https://sortiment.lidl.ch/media/catalog/product/cache/38c728e59b3a47950872534eff8a1e63/1/1/1198_PSXX.jpg"
}]