{"product_name": "Bergspitz Pralinen", "brand": "chocarre_suisse", "regular_price": 9.99, "selling_price": 9.99, "price_per_unit": "pro 108g | 100g = 9.25 CHF", "breadcrumb": "Sortiment > Sortiment > Bergspitz Pralinen", "pdp_url": "https://sortiment.lidl.ch/de/bergspitz-pralinen-5111942", "product_description": "Artikelnr.: 5111942"}
{"product_name": "High Protein Milchreis", "brand": "milbona", "regular_price": 1.19, "selling_price": 1.19, "price_per_unit": "pro 200g | 100g = 0.60 CHF", "breadcrumb": "Sortiment > Sortiment > High Protein Milchreis", "pdp_url": "https://sortiment.lidl.ch/de/high-protein-milchreis-0191691", "product_description": "Artikelnr.: 191691"}
{"product_name": "Nusskernmischung", "brand": "alesto", "regular_price": 2.99, "selling_price": 2.99, "price_per_unit": "pro 200g | 100g = 1.50 CHF", "breadcrumb": "Sortiment > Sortiment > Nusskernmischung", "pdp_url": "https://sortiment.lidl.ch/de/nusskernmischung-0028673", "product_description": "Artikelnr.: 28673"}
{"product_name": "Krusten-Baguettino", "brand": "", "regular_price": 0.99, "selling_price": 0.99, "price_per_unit": "pro 130g | 100g = 0.77 CHF", "breadcrumb": "Sortiment > Sortiment > Krusten-Baguettino", "pdp_url": "https://sortiment.lidl.ch/de/krusten-baguettino-5111454", "product_description": "Artikelnr.: 5111454 Weizenbaguette. Zutaten: 48,5% Halbweissmehl ( Weizen ), Wasser, 6,8% Roggenmehl , 1,5% Vollkornweizenmehl , Speisesalz, geröstetes Gerstenmalz , Hefe, Acerolafruchtpulver. Kann Spuren von Ei, Erdnüsse, Soja, Milch, Schalenfrüchte (Nüsse), Sellerie, Senf, Sesam und Sulfiten enthalten. Hergestellt in der Schweiz."}
{"product_name": "High Protein Reibkäse", "brand": "milbona", "regular_price": 2.99, "selling_price": 2.99, "price_per_unit": "pro 200g | 100g = 1.50 CHF", "breadcrumb": "Sortiment > Sortiment > High Protein Reibkäse", "pdp_url": "https://sortiment.lidl.ch/de/high-protein-reibkaese-0194555", "product_description": "Artikelnr.: 194555"}
{"product_name": "Branches classic", "brand": "chocarre_suisse", "regular_price": 3.99, "selling_price": 3.99, "price_per_unit": "pro 227g | 100g = 1.76 CHF", "breadcrumb": "Sortiment > Sortiment > Branches classic", "pdp_url": "https://sortiment.lidl.ch/de/branches-classic-5112010", "product_description": "Artikelnr.: 5112010"}
{"product_name": "Weinländer Kräuterzauber", "brand": "", "regular_price": 3.99, "selling_price": 3.99, "price_per_unit": "pro 185g | 100g = 2.16 CHF", "breadcrumb": "Sortiment > Sortiment > Weinländer Kräuterzauber", "pdp_url": "https://sortiment.lidl.ch/de/weinlaender-kraeuterzauber-5111765", "product_description": "Artikelnr.: 5111765"}
{"product_name": "Salami Sticks", "brand": "dulano_selection", "regular_price": 3.49, "selling_price": 3.49, "price_per_unit": "pro 100g |", "breadcrumb": "Sortiment > Sortiment > Salami Sticks", "pdp_url": "https://sortiment.lidl.ch/de/salami-sticks-0077775", "product_description": "Artikelnr.: 77775"}
{"product_name": "Bier Alkoholfrei", "brand": "finkbrau", "regular_price": 0.59, "selling_price": 0.59, "price_per_unit": "pro 0,5l | 1L = 1.18 CHF", "breadcrumb": "Sortiment > Sortiment > Bier Alkoholfrei", "pdp_url": "https://sortiment.lidl.ch/de/bier-alkoholfrei-5003343", "product_description": "Artikelnr.: 5003343"}
{"product_name": "Frisch-Fondue Moitié-Moitié", "brand": "fromani", "regular_price": 10.99, "selling_price": 10.99, "price_per_unit": "pro 500g | 100g = 2.20 CHF", "breadcrumb": "Sortiment > Sortiment > Frisch-Fondue Moitié-Moitié", "pdp_url": "https://sortiment.lidl.ch/de/frisch-fondue-moitie-moitie-5105014", "product_description": "Artikelnr.: 5105014"}
{"product_name": "Bio Weiderind Minutenplätzli", "brand": "bonvalle", "regular_price": 4.99, "selling_price": 4.99, "price_per_unit": "pro 100g, ca. 180-220g |", "breadcrumb": "Sortiment > Sortiment > Bio Weiderind Minutenplätzli", "pdp_url": "https://sortiment.lidl.ch/de/bio-weiderind-minutenplaetzli-5109964", "product_description": "Artikelnr.: 5109964"}
{"product_name": "Glasreiniger", "brand": "w5", "regular_price": 1.45, "selling_price": 1.45, "price_per_unit": "pro 1000ml |", "breadcrumb": "Sortiment > Sortiment > Glasreiniger", "pdp_url": "https://sortiment.lidl.ch/de/glasreiniger-0029753", "product_description": "Artikelnr.: 29753"}
{"product_name": "Terra Natura Butterbrezel", "brand": "", "regular_price": 1.59, "selling_price": 1.59, "price_per_unit": "pro 70g | 100g = 2.28 CHF", "breadcrumb": "Sortiment > Sortiment > Terra Natura Butterbrezel", "pdp_url": "https://sortiment.lidl.ch/de/terra-natura-butterbrezel-5110979", "product_description": "Artikelnr.: 5110979"}
{"product_name": "Montepulciano d'Abruzzo DOC", "brand": "", "regular_price": 2.95, "selling_price": 2.95, "price_per_unit": "pro 0,75l | 1L = 3.94 CHF", "breadcrumb": "Sortiment > Sortiment > Montepulciano d'Abruzzo DOC", "pdp_url": "https://sortiment.lidl.ch/de/montepulciano-d-abruzzo-doc-0151217", "product_description": "Artikelnr.: 151217"}
{"product_name": "Crème Dessert", "brand": "milbona", "regular_price": 1.59, "selling_price": 1.59, "price_per_unit": "pro 4x125g | 100g = 0.32 CHF", "breadcrumb": "Sortiment > Sortiment > Crème Dessert", "pdp_url": "https://sortiment.lidl.ch/de/creme-dessert-0028788", "product_description": "Artikelnr.: 28788"}
{"product_name": "Bio Chia Samen", "brand": "golden_sun", "regular_price": 2.99, "selling_price": 2.99, "price_per_unit": "pro 300g | 100g = 1.00 CHF", "breadcrumb": "Sortiment > Sortiment > Bio Chia Samen", "pdp_url": "https://sortiment.lidl.ch/de/bio-chia-samen-0139011", "product_description": "Artikelnr.: 139011"}
{"product_name": "Spezialbier", "brand": "perlenbacher", "regular_price": 0.69, "selling_price": 0.69, "price_per_unit": "pro 0,5l | 1L = 1.38 CHF", "breadcrumb": "Sortiment > Sortiment > Spezialbier", "pdp_url": "https://sortiment.lidl.ch/de/spezialbier-0031322", "product_description": "Artikelnr.: 31322"}
{"product_name": "Lammnierstück", "brand": "deluxe", "regular_price": 4.29, "selling_price": 3.29, "price_per_unit": "pro 100g, ca. 200-400g |", "breadcrumb": "Sortiment > Sortiment > Lammnierstück", "pdp_url": "https://sortiment.lidl.ch/de/lammnierstueck-5103275", "product_description": "Artikelnr.: 5103275"}
{"product_name": "Naturjoghurt griechischer Art", "brand": "milbona", "regular_price": 4.19, "selling_price": 4.19, "price_per_unit": "pro 1kg |", "breadcrumb": "Sortiment > Sortiment > Naturjoghurt griechischer Art", "pdp_url": "https://sortiment.lidl.ch/de/naturjoghurt-griechischer-art-0006714", "product_description": "Artikelnr.: 6714"}
{"product_name": "Lagerbier", "brand": "finkbrau", "regular_price": 0.59, "selling_price": 0.59, "price_per_unit": "pro 0,5l | 1L = 1.18 CHF", "breadcrumb": "Sortiment > Sortiment > Lagerbier", "pdp_url": "https://sortiment.lidl.ch/de/lagerbier-0031321", "product_description": "Artikelnr.: 31321"}
{"product_name": "Maasdamer Scheiben", "brand": "milbona", "regular_price": 2.53, "selling_price": 2.53, "price_per_unit": "pro 300g | 100g = 0.85 CHF", "breadcrumb": "Sortiment > Sortiment > Maasdamer Scheiben", "pdp_url": "https://sortiment.lidl.ch/de/maasdamer-scheiben-0025808", "product_description": "Artikelnr.: 25808"}
{"product_name": "Bio Butterzopf", "brand": "", "regular_price": 2.69, "selling_price": 2.69, "price_per_unit": "pro 300g | 100g = 0.90 CHF", "breadcrumb": "Sortiment > Sortiment > Bio Butterzopf", "pdp_url": "https://sortiment.lidl.ch/de/bio-butterzopf-5108143", "product_description": "Artikelnr.: 5108143 Bio Butterzopf Zuaten: 52,5% Weizenmehl *, Wasser, 7% Butter *, 2,5% Magerquark *, Backhefe*, Vollei *, Magermilchpulver *, Speisesalz, Vollmilchpulver *, Weizengluten *, Sauerteig getrocknet ( Weizen*, Roggen*, Vollkornweizen*),  Gerstenmalzmehl*,  Weizenprotein* , Milchprotein *, Acerolafruchtpulver (auf Maltodextrin). Kann Spuren von Erdnüsse, Soja, Schalenfrüchte (Nüsse), Sellerie, Senf, Sesam und Sulfiten enthalten . *aus biologischer Landwirtschaft. Hergestellt in der Schweiz."}
{"product_name": "Vanillestange", "brand": "", "regular_price": 0.99, "selling_price": 0.69, "price_per_unit": "pro 80g | 100g = 0.87 CHF", "breadcrumb": "Sortiment > Sortiment > Vanillestange", "pdp_url": "https://sortiment.lidl.ch/de/vanillestange-5104962", "product_description": "Artikelnr.: 5104962 Vanillestange Zutaten: Blätterteig ( Weizenmehl , Pflanzenmargarine [Rapsöl, Rapsöl ganz gehärtet, Wasser, Olivenöl, Emulgator: Mono- und Diglyceride von Speisefettsäuren, Säuerungsmittel: Citronensäure], Wasser, Weizenprotein , Speisesalz jodiert (Speisesalz, Kaliumiodat), Gerstenmalzmehl ), Wasser, 13% Cremepulver mit Vanillegeschmack (Zucker, modifizierte Kartoffelstärke, Magermilchpulver , Weizenstärke, Verdickungsmittel: Natriumalginat, Stabilisatoren: Diphosphate, Calciumsulfat, Vanille Aroma, Farbstoff: Carotin, Vanillesamen), Weizenmehl , Zucker, pflanzliches Protein (Erbsen), Weizengluten , Weizenmalzmehl , Maisstärke, Dextrose. Kann Spuren von Ei, Erdnüsse, Soja, Schalenfrüchte (Nüsse), Sellerie, Senf, Sesam und Sulfiten enthalten. Hergestellt in der Schweiz."}
{"product_name": "Protein Mix mit Nüssen", "brand": "alesto", "regular_price": 2.25, "selling_price": 2.25, "price_per_unit": "pro 150g | 100g = 1.50 CHF", "breadcrumb": "Sortiment > Sortiment > Protein Mix mit Nüssen", "pdp_url": "https://sortiment.lidl.ch/de/protein-mix-mit-nuessen-0158955", "product_description": "Artikelnr.: 158955"}
{"product_name": "Rahmjoghurt mild", "brand": "milbona", "regular_price": 0.89, "selling_price": 0.89, "price_per_unit": "pro 150g | 100g = 0.60 CHF", "breadcrumb": "Sortiment > Sortiment > Rahmjoghurt mild", "pdp_url": "https://sortiment.lidl.ch/de/rahmjoghurt-mild-0036270", "product_description": "Artikelnr.: 36270"}
{"product_name": "Trutenbrust Filet", "brand": "carnesi", "regular_price": 11.99, "selling_price": 11.99, "price_per_unit": "pro 1000g |", "breadcrumb": "Sortiment > Sortiment > Trutenbrust Filet", "pdp_url": "https://sortiment.lidl.ch/de/trutenbrust-filet-0184353", "product_description": "Artikelnr.: 184353"}
{"product_name": "Butter Waffles", "brand": "sondey", "regular_price": 2.89, "selling_price": 2.89, "price_per_unit": "pro 250g | 100g = 1.16 CHF", "breadcrumb": "Sortiment > Sortiment > Butter Waffles", "pdp_url": "https://sortiment.lidl.ch/de/butter-waffles-0002188", "product_description": "Artikelnr.: 2188"}
{"product_name": "Edel-Beinschinken", "brand": "maestade", "regular_price": 5.99, "selling_price": 5.99, "price_per_unit": "pro 180g | 100g = 3.33 CHF", "breadcrumb": "Sortiment > Sortiment > Edel-Beinschinken", "pdp_url": "https://sortiment.lidl.ch/de/edel-beinschinken-5110410", "product_description": "Artikelnr.: 5110410"}
{"product_name": "Semmeli", "brand": "", "regular_price": 0.49, "selling_price": 0.49, "price_per_unit": "pro 65g | 100g = 0.76 CHF", "breadcrumb": "Sortiment > Sortiment > Semmeli", "pdp_url": "https://sortiment.lidl.ch/de/semmeli-0092781", "product_description": "Artikelnr.: 92781 Weizenbrötchen Zutaten: 75% Weizenmehl , Wasser, 2% Weizensauerteig ( Weizenmehl , Wasser, Roggenmehl ), Hefe, Speisesalz, Dextrose, Weizenmalzmehl. Kann Spuren von Ei, Erdnüsse, Soja, Milch, Schalenfrüchte (Nüsse), Sellerie, Senf, Sesam und Sulfiten enthalten Hergestellt in Deutschland."}
{"product_name": "Paranusskerne", "brand": "", "regular_price": 4.49, "selling_price": 4.49, "price_per_unit": "pro 200g | 100g = 2.25 CHF", "breadcrumb": "Sortiment > Sortiment > Paranusskerne", "pdp_url": "https://sortiment.lidl.ch/de/paranusskerne-0022252", "product_description": "Artikelnr.: 22252"}
{"product_name": "Meatballs vom Rind", "brand": "bonvalle", "regular_price": 3.99, "selling_price": 3.99, "price_per_unit": "pro 250g | 100g = 1.60 CHF", "breadcrumb": "Sortiment > Sortiment > Meatballs vom Rind", "pdp_url": "https://sortiment.lidl.ch/de/meatballs-vom-rind-0002364", "product_description": "Artikelnr.: 2364"}
{"product_name": "Bio Mozzarella Laktosefrei", "brand": "milbona", "regular_price": 1.85, "selling_price": 1.85, "price_per_unit": "pro 125g Abtropfgewicht | 100g = 1.48 CHF", "breadcrumb": "Sortiment > Sortiment > Bio Mozzarella Laktosefrei", "pdp_url": "https://sortiment.lidl.ch/de/bio-mozzarella-laktosefrei-5110828", "product_description": "Artikelnr.: 5110828"}
{"product_name": "Wiesenländer Käsescheiben", "brand": "milbona", "regular_price": 2.99, "selling_price": 2.99, "price_per_unit": "pro 175g | 100g = 1.71 CHF", "breadcrumb": "Sortiment > Sortiment > Wiesenländer Käsescheiben", "pdp_url": "https://sortiment.lidl.ch/de/wiesenlaender-kaesescheiben-0115279", "product_description": "Artikelnr.: 115279"}
{"product_name": "Bündnerfleisch", "brand": "maestade", "regular_price": 6.29, "selling_price": 4.99, "price_per_unit": "pro 80g, 90g | LP 100g = 6.24, 5.55 CHF", "breadcrumb": "Sortiment > Sortiment > Bündnerfleisch", "pdp_url": "https://sortiment.lidl.ch/de/buendnerfleisch-5107879", "product_description": "Artikelnr.: 5107879"}
{"product_name": "Poulet Nuggets", "brand": "bonvalle", "regular_price": 3.79, "selling_price": 3.79, "price_per_unit": "pro 240g | 100g = 1.58 CHF", "breadcrumb": "Sortiment > Sortiment > Poulet Nuggets", "pdp_url": "https://sortiment.lidl.ch/de/poulet-nuggets-5106006", "product_description": "Artikelnr.: 5106006"}
{"product_name": "Halbhartkäse Scheiben", "brand": "milbona", "regular_price": 3.99, "selling_price": 3.99, "price_per_unit": "pro 400g | 100g = 1.00 CHF", "breadcrumb": "Sortiment > Sortiment > Halbhartkäse Scheiben", "pdp_url": "https://sortiment.lidl.ch/de/halbhartkaese-scheiben-0150881", "product_description": "Artikelnr.: 150881"}
{"product_name": "Cremiges Joghurt 5%", "brand": "milbona", "regular_price": 2.49, "selling_price": 2.49, "price_per_unit": "pro 1kg |", "breadcrumb": "Sortiment > Sortiment > Cremiges Joghurt 5%", "pdp_url": "https://sortiment.lidl.ch/de/cremiges-joghurt-5-0012211", "product_description": "Artikelnr.: 12211"}
{"product_name": "Multifruit", "brand": "solevita", "regular_price": 3.49, "selling_price": 3.49, "price_per_unit": "pro 14x0,2l | 1L = 1.25 CHF", "breadcrumb": "Sortiment > Sortiment > Multifruit", "pdp_url": "https://sortiment.lidl.ch/de/multifruit-0078019", "product_description": "Artikelnr.: 78019"}
{"product_name": "French Dressing", "brand": "", "regular_price": 1.99, "selling_price": 1.59, "price_per_unit": "pro 1000ml |", "breadcrumb": "Sortiment > Sortiment > French Dressing", "pdp_url": "https://sortiment.lidl.ch/de/french-dressing-5100478", "product_description": "Artikelnr.: 5100478"}
{"product_name": "Fonzies The Original Mais-Snack", "brand": "", "regular_price": 7.0, "selling_price": 4.95, "price_per_unit": "pro 280g | 100g = 1.77 CHF", "breadcrumb": "Sortiment > Sortiment > Fonzies The Original Mais-Snack", "pdp_url": "https://sortiment.lidl.ch/de/fonzies-the-original-mais-snack-5112948", "product_description": "Artikelnr.: 5112948 *Konkurrenzvergleich:  19.09.2024 Angebot solange Vorrat."}
{"product_name": "Duca di Sasseta Nero D'Avola DOC", "brand": "", "regular_price": 4.99, "selling_price": 4.99, "price_per_unit": "pro 0,75l | 1L = 6.66 CHF", "breadcrumb": "Sortiment > Sortiment > Duca di Sasseta Nero D'Avola DOC", "pdp_url": "https://sortiment.lidl.ch/de/duca-di-sasseta-nero-d-avola-doc-0151969", "product_description": "Artikelnr.: 151969 Angebot solange Vorrat."}
{"product_name": "Cuor di Pietra Sangiovese", "brand": "", "regular_price": 5.99, "selling_price": 5.99, "price_per_unit": "pro 0,75l | 1L = 7.99 CHF", "breadcrumb": "Sortiment > Sortiment > Cuor di Pietra Sangiovese", "pdp_url": "https://sortiment.lidl.ch/de/cuor-di-pietra-sangiovese-0207643", "product_description": "Artikelnr.: 207643 Angebot solange Vorrat."}
{"product_name": "C'era una volta Moscato", "brand": "", "regular_price": 5.99, "selling_price": 5.99, "price_per_unit": "pro 0,75l | 1L = 7.99 CHF", "breadcrumb": "Sortiment > Sortiment > C'era una volta Moscato", "pdp_url": "https://sortiment.lidl.ch/de/c-era-una-volta-moscato-0113117", "product_description": "Artikelnr.: 113117 Angebot solange Vorrat."}
{"product_name": "MSC Thunfisch für Pasta", "brand": "italiamo", "regular_price": 1.99, "selling_price": 1.99, "price_per_unit": "pro 160g | 100g = 1.25 CHF", "breadcrumb": "Sortiment > Sortiment > MSC Thunfisch für Pasta", "pdp_url": "https://sortiment.lidl.ch/de/msc-thunfisch-fuer-pasta-0132835", "product_description": "Artikelnr.: 132835 Angebot solange Vorrat."}
{"product_name": "Frutti di Mare mit Sauce", "brand": "italiamo", "regular_price": 4.99, "selling_price": 4.99, "price_per_unit": "pro 300g | 100g = 1.67 CHF", "breadcrumb": "Sortiment > Sortiment > Frutti di Mare mit Sauce", "pdp_url": "https://sortiment.lidl.ch/de/frutti-di-mare-mit-sauce-0185964", "product_description": "Artikelnr.: 185964 Angebot solange Vorrat."}
{"product_name": "Gelbe Kirschtomatensauce", "brand": "italiamo", "regular_price": 1.19, "selling_price": 1.19, "price_per_unit": "pro 330g | 100g = 0.37 CHF", "breadcrumb": "Sortiment > Sortiment > Gelbe Kirschtomatensauce", "pdp_url": "https://sortiment.lidl.ch/de/gelbe-kirschtomatensauce-6013629", "product_description": "Artikelnr.: 6013629 Angebot solange Vorrat."}
{"product_name": "Marmelade aus Zitrusfrüchten", "brand": "italiamo", "regular_price": 2.99, "selling_price": 2.99, "price_per_unit": "pro 360g | 100g = 0.84 CHF", "breadcrumb": "Sortiment > Sortiment > Marmelade aus Zitrusfrüchten", "pdp_url": "https://sortiment.lidl.ch/de/marmelade-aus-zitrusfruechten-6009284", "product_description": "Artikelnr.: 6009284 Angebot solange Vorrat."}
{"product_name": "Pecoricco-Käse", "brand": "italiamo", "regular_price": 1.19, "selling_price": 1.19, "price_per_unit": "pro 100g, ca. 300g |", "breadcrumb": "Sortiment > Sortiment > Pecoricco-Käse", "pdp_url": "https://sortiment.lidl.ch/de/pecoricco-kaese-6000243", "product_description": "Artikelnr.: 6000243 Angebot solange Vorrat."}
{"product_name": "Amarenakirschen", "brand": "italiamo", "regular_price": 3.49, "selling_price": 3.49, "price_per_unit": "pro 235g (Abtropfgewicht) | 100g = 1.49 CHF", "breadcrumb": "Sortiment > Sortiment > Amarenakirschen", "pdp_url": "https://sortiment.lidl.ch/de/amarenakirschen-0051762", "product_description": "Artikelnr.: 51762 Angebot solange Vorrat."}
{"product_name": "Gefüllte Guetzli", "brand": "italiamo", "regular_price": 1.99, "selling_price": 1.99, "price_per_unit": "pro 150g | 100g = 1.33 CHF", "breadcrumb": "Sortiment > Sortiment > Gefüllte Guetzli", "pdp_url": "https://sortiment.lidl.ch/de/gefuellte-guetzli-0154002", "product_description": "Artikelnr.: 154002 Angebot solange Vorrat."}
{"product_name": "Torte", "brand": "italiamo", "regular_price": 8.99, "selling_price": 8.99, "price_per_unit": "pro 700g, 830g | 100g = 1.29, 1.09 CHF", "breadcrumb": "Sortiment > Sortiment > Torte", "pdp_url": "https://sortiment.lidl.ch/de/torte-0142427", "product_description": "Artikelnr.: 142427 Angebot solange Vorrat."}
{"product_name": "Weiche Mandelmakronen", "brand": "italiamo", "regular_price": 3.99, "selling_price": 3.99, "price_per_unit": "pro 400g | 100g = 1.00 CHF", "breadcrumb": "Sortiment > Sortiment > Weiche Mandelmakronen", "pdp_url": "https://sortiment.lidl.ch/de/weiche-mandelmakronen-6000122", "product_description": "Artikelnr.: 6000122 Angebot solange Vorrat."}
{"product_name": "Fior di Grano", "brand": "italiamo", "regular_price": 1.99, "selling_price": 1.99, "price_per_unit": "pro 400g | 100g = 0.50 CHF", "breadcrumb": "Sortiment > Sortiment > Fior di Grano", "pdp_url": "https://sortiment.lidl.ch/de/fior-di-grano-6008226", "product_description": "Artikelnr.: 6008226 Angebot solange Vorrat."}
{"product_name": "Provolone", "brand": "italiamo", "regular_price": 2.99, "selling_price": 2.99, "price_per_unit": "pro 300g | 100g = 1.00 CHF", "breadcrumb": "Sortiment > Sortiment > Provolone", "pdp_url": "https://sortiment.lidl.ch/de/provolone-6004394", "product_description": "Artikelnr.: 6004394 Angebot solange Vorrat."}
{"product_name": "Bruschetta", "brand": "italiamo", "regular_price": 3.99, "selling_price": 3.99, "price_per_unit": "pro 342g | 100g = 1.17 CHF", "breadcrumb": "Sortiment > Sortiment > Bruschetta", "pdp_url": "https://sortiment.lidl.ch/de/bruschetta-0068286", "product_description": "Artikelnr.: 68286 Angebot solange Vorrat."}
{"product_name": "Scharfe Oliven mit Stein", "brand": "italiamo", "regular_price": 2.99, "selling_price": 2.99, "price_per_unit": "pro 330g | 100g = 0.91 CHF", "breadcrumb": "Sortiment > Sortiment > Scharfe Oliven mit Stein", "pdp_url": "https://sortiment.lidl.ch/de/scharfe-oliven-mit-stein-6000247", "product_description": "Artikelnr.: 6000247 Angebot solange Vorrat."}
{"product_name": "Grissini mit Oliven", "brand": "italiamo", "regular_price": 1.99, "selling_price": 1.99, "price_per_unit": "pro 200g | 100g = 1.00 CHF", "breadcrumb": "Sortiment > Sortiment > Grissini mit Oliven", "pdp_url": "https://sortiment.lidl.ch/de/grissini-mit-oliven-6006827", "product_description": "Artikelnr.: 6006827 Angebot solange Vorrat."}
{"product_name": "Torroncini", "brand": "italiamo", "regular_price": 2.99, "selling_price": 2.99, "price_per_unit": "pro 160g | 100g = 1.87 CHF", "breadcrumb": "Sortiment > Sortiment > Torroncini", "pdp_url": "https://sortiment.lidl.ch/de/torroncini-6008511", "product_description": "Artikelnr.: 6008511 Angebot solange Vorrat."}
{"product_name": "Mürbeteigtortelettes", "brand": "italiamo", "regular_price": 1.99, "selling_price": 1.99, "price_per_unit": "pro 240g | 100g = 0.83 CHF", "breadcrumb": "Sortiment > Sortiment > Mürbeteigtortelettes", "pdp_url": "https://sortiment.lidl.ch/de/muerbeteigtortelettes-6000216", "product_description": "Artikelnr.: 6000216 Angebot solange Vorrat."}
{"product_name": "Mini Cannoli", "brand": "", "regular_price": 2.99, "selling_price": 2.99, "price_per_unit": "pro 132g | 100g = 2.27 CHF", "breadcrumb": "Sortiment > Sortiment > Mini Cannoli", "pdp_url": "https://sortiment.lidl.ch/de/mini-cannoli-6006318", "product_description": "Artikelnr.: 6006318 Angebot solange Vorrat."}
{"product_name": "Fusilli Giganti", "brand": "italiamo", "regular_price": 1.99, "selling_price": 1.99, "price_per_unit": "pro 500g | 100g = 0.40 CHF", "breadcrumb": "Sortiment > Sortiment > Fusilli Giganti", "pdp_url": "https://sortiment.lidl.ch/de/fusilli-giganti-0043077", "product_description": "Artikelnr.: 43077 Angebot solange Vorrat."}
{"product_name": "Panierte Arancini", "brand": "italiamo", "regular_price": 2.99, "selling_price": 2.99, "price_per_unit": "pro 500g | 100g = 0.60 CHF", "breadcrumb": "Sortiment > Sortiment > Panierte Arancini", "pdp_url": "https://sortiment.lidl.ch/de/panierte-arancini-6001147", "product_description": "Artikelnr.: 6001147 Angebot solange Vorrat."}
{"product_name": "Arcobaleno bunte Pasta", "brand": "italiamo", "regular_price": 1.99, "selling_price": 1.99, "price_per_unit": "pro 500g | 100g = 0.40 CHF", "breadcrumb": "Sortiment > Sortiment > Arcobaleno bunte Pasta", "pdp_url": "https://sortiment.lidl.ch/de/arcobaleno-bunte-pasta-0074321", "product_description": "Artikelnr.: 74321 Angebot solange Vorrat."}
{"product_name": "Italienische Familienpizza", "brand": "italiamo", "regular_price": 7.99, "selling_price": 7.99, "price_per_unit": "pro 2x535g, 2x560g | 100g = 0.75, 0.72 CHF", "breadcrumb": "Sortiment > Sortiment > Italienische Familienpizza", "pdp_url": "https://sortiment.lidl.ch/de/italienische-familienpizza-0172689", "product_description": "Artikelnr.: 172689 Angebot solange Vorrat."}
{"product_name": "DAR-VIDA Cracker Duo Nature Family Pack", "brand": "dar-vida", "regular_price": 7.9, "selling_price": 5.89, "price_per_unit": "pro 2x375g | 100g = 0.79 CHF", "breadcrumb": "Sortiment > Sortiment > DAR-VIDA Cracker Duo Nature Family Pack", "pdp_url": "https://sortiment.lidl.ch/de/dar-vida-cracker-duo-nature-family-pack-5111716", "product_description": "Artikelnr.: 5111716 Angebot solange Vorrat."}
{"product_name": "DAR-VIDA Cracker Tomate & Basilikum", "brand": "dar-vida", "regular_price": 7.9, "selling_price": 5.89, "price_per_unit": "pro 2x184g | 100g = 1.61 CHF", "breadcrumb": "Sortiment > Sortiment > DAR-VIDA Cracker Tomate & Basilikum", "pdp_url": "https://sortiment.lidl.ch/de/dar-vida-cracker-tomate-basilikum-5108768", "product_description": "Artikelnr.: 5108768 Angebot solange Vorrat."}
{"product_name": "DAR-VIDA Cracker Duo Thymian & Salz", "brand": "dar-vida", "regular_price": 7.9, "selling_price": 5.89, "price_per_unit": "pro 2x184g | 100g = 1.61 CHF", "breadcrumb": "Sortiment > Sortiment > DAR-VIDA Cracker Duo Thymian & Salz", "pdp_url": "https://sortiment.lidl.ch/de/dar-vida-cracker-duo-thymian-salz-5111714", "product_description": "Artikelnr.: 5111714 Angebot solange Vorrat."}
{"product_name": "DAR-VIDA Cracker Duo Paprika", "brand": "dar-vida", "regular_price": 5.98, "selling_price": 4.39, "price_per_unit": "pro 2x125g | 100g = 1.76 CHF", "breadcrumb": "Sortiment > Sortiment > DAR-VIDA Cracker Duo Paprika", "pdp_url": "https://sortiment.lidl.ch/de/dar-vida-cracker-duo-paprika-5111717", "product_description": "Artikelnr.: 5111717 Angebot solange Vorrat."}
{"product_name": "DAR-VIDA Cracker Duo Käse", "brand": "dar-vida", "regular_price": 7.9, "selling_price": 5.89, "price_per_unit": "pro 2x184g | 100g = 1.61 CHF", "breadcrumb": "Sortiment > Sortiment > DAR-VIDA Cracker Duo Käse", "pdp_url": "https://sortiment.lidl.ch/de/dar-vida-cracker-duo-kaese-5111715", "product_description": "Artikelnr.: 5111715 Angebot solange Vorrat."}
{"product_name": "Knorr Risotto", "brand": "knorr", "regular_price": 9.9, "selling_price": 5.95, "price_per_unit": "pro 2x250g | 100g = 1.19 CHF", "breadcrumb": "Sortiment > Sortiment > Knorr Risotto", "pdp_url": "https://sortiment.lidl.ch/de/knorr-risotto-0005611", "product_description": "Artikelnr.: 5611 *Konkurrenzvergleich:  19.09.2024 Angebot solange Vorrat."}
{"product_name": "Gourmet Gold Katzennahrung", "brand": "gourmet_gold", "regular_price": 22.17, "selling_price": 13.95, "price_per_unit": "pro 24x85g | 100g = 0.69 CHF", "breadcrumb": "Sortiment > Sortiment > Gourmet Gold Katzennahrung", "pdp_url": "https://sortiment.lidl.ch/de/gourmet-gold-katzennahrung-0003521", "product_description": "Artikelnr.: 3521 Angebot solange Vorrat."}
{"product_name": "Starbucks Cappuccino", "brand": "", "regular_price": 3.99, "selling_price": 3.99, "price_per_unit": "pro 750ml | 1L = 5.32 CHF", "breadcrumb": "Sortiment > Sortiment > Starbucks Cappuccino", "pdp_url": "https://sortiment.lidl.ch/de/starbucks-cappuccino-0207800", "product_description": "Artikelnr.: 207800 Angebot solange Vorrat."}
{"product_name": "Starbucks Caramel Macchiato", "brand": "", "regular_price": 5.95, "selling_price": 3.99, "price_per_unit": "pro 750ml | 1L = 5.32 CHF", "breadcrumb": "Sortiment > Sortiment > Starbucks Caramel Macchiato", "pdp_url": "https://sortiment.lidl.ch/de/starbucks-caramel-macchiato-0202272", "product_description": "Artikelnr.: 202272 *Konkurrenzvergleich:  19.09.2024 Angebot solange Vorrat."}
{"product_name": "Palmolive Cremedusche", "brand": "", "regular_price": 6.8, "selling_price": 3.29, "price_per_unit": "pro 2x250ml | 100ML = 0.66 CHF", "breadcrumb": "Sortiment > Sortiment > Palmolive Cremedusche", "pdp_url": "https://sortiment.lidl.ch/de/palmolive-cremedusche-0187420", "product_description": "Artikelnr.: 187420 *Konkurrenzvergleich:  19.09.2024 Angebot solange Vorrat."}
{"product_name": "Leibniz Cream", "brand": "", "regular_price": 2.79, "selling_price": 2.79, "price_per_unit": "pro 190g, 228g | 100g = 1.47, 1.23 CHF", "breadcrumb": "Sortiment > Sortiment > Leibniz Cream", "pdp_url": "https://sortiment.lidl.ch/de/leibniz-cream-0196393", "product_description": "Artikelnr.: 196393 Angebot solange Vorrat."}
{"product_name": "Werther's Original Caramel Popcorn Classic", "brand": "", "regular_price": 3.95, "selling_price": 2.89, "price_per_unit": "pro 140g | 100g = 2.07 CHF", "breadcrumb": "Sortiment > Sortiment > Werther's Original Caramel Popcorn Classic", "pdp_url": "https://sortiment.lidl.ch/de/werther-s-original-caramel-popcorn-classic-5112645", "product_description": "Artikelnr.: 5112645 *Konkurrenzvergleich:  19.09.2024 Angebot solange Vorrat."}
{"product_name": "Werther's Original Caramel Bites Cookie", "brand": "", "regular_price": 2.89, "selling_price": 2.89, "price_per_unit": "pro 140g | 100g = 2.07 CHF", "breadcrumb": "Sortiment > Sortiment > Werther's Original Caramel Bites Cookie", "pdp_url": "https://sortiment.lidl.ch/de/werther-s-original-caramel-bites-cookie-5112647", "product_description": "Artikelnr.: 5112647 Angebot solange Vorrat."}
{"product_name": "Werther's Original Caramel Bites Crunchy", "brand": "", "regular_price": 2.89, "selling_price": 2.89, "price_per_unit": "pro 140g | 100g = 2.07 CHF", "breadcrumb": "Sortiment > Sortiment > Werther's Original Caramel Bites Crunchy", "pdp_url": "https://sortiment.lidl.ch/de/werther-s-original-caramel-bites-crunchy-5112648", "product_description": "Artikelnr.: 5112648 Angebot solange Vorrat."}
{"product_name": "Terme di Crodo Soda", "brand": "", "regular_price": 31.2, "selling_price": 15.59, "price_per_unit": "pro 0,33l | 1L = 47.25 CHF", "breadcrumb": "Sortiment > Sortiment > Terme di Crodo Soda", "pdp_url": "https://sortiment.lidl.ch/de/terme-di-crodo-soda-5111863", "product_description": "Artikelnr.: 5111863 *Konkurrenzvergleich:  19.09.2024 Angebot solange Vorrat."}
{"product_name": "San Benedetto Thè", "brand": "", "regular_price": 8.28, "selling_price": 6.95, "price_per_unit": "pro 12x0,5l | 1L = 1.16 CHF", "breadcrumb": "Sortiment > Sortiment > San Benedetto Thè", "pdp_url": "https://sortiment.lidl.ch/de/san-benedetto-the-5107610", "product_description": "Artikelnr.: 5107610 Angebot solange Vorrat."}
{"product_name": "Peuceta Primitivo IGP", "brand": "", "regular_price": 23.94, "selling_price": 19.99, "price_per_unit": "pro 0,75l | 1L = 26.66 CHF", "breadcrumb": "Sortiment > Sortiment > Peuceta Primitivo IGP", "pdp_url": "https://sortiment.lidl.ch/de/peuceta-primitivo-igp-0120444", "product_description": "Artikelnr.: 120444 Angebot solange Vorrat."}
{"product_name": "Terme di Crodo Oran Soda Zero", "brand": "", "regular_price": 15.59, "selling_price": 15.59, "price_per_unit": "pro 0.33l | 1L = 47.25 CHF", "breadcrumb": "Sortiment > Sortiment > Terme di Crodo Oran Soda Zero", "pdp_url": "https://sortiment.lidl.ch/de/terme-di-crodo-oran-soda-zero-5112759", "product_description": "Artikelnr.: 5112759 Angebot solange Vorrat."}
{"product_name": "San Pellegrino Mineralwasser", "brand": "", "regular_price": 22.8, "selling_price": 10.95, "price_per_unit": "pro 24x0,5l | 1L = 0.92 CHF", "breadcrumb": "Sortiment > Sortiment > San Pellegrino Mineralwasser", "pdp_url": "https://sortiment.lidl.ch/de/san-pellegrino-mineralwasser-5104937", "product_description": "Artikelnr.: 5104937 *Konkurrenzvergleich:  19.09.2024 Angebot solange Vorrat."}
{"product_name": "Terme di Crodo Lemon Soda Zero", "brand": "", "regular_price": 15.59, "selling_price": 15.59, "price_per_unit": "pro 0,33l | 1L = 47.25 CHF", "breadcrumb": "Sortiment > Sortiment > Terme di Crodo Lemon Soda Zero", "pdp_url": "https://sortiment.lidl.ch/de/terme-di-crodo-lemon-soda-zero-5112758", "product_description": "Artikelnr.: 5112758 Angebot solange Vorrat."}
{"product_name": "Cynar", "brand": "", "regular_price": 16.39, "selling_price": 16.39, "price_per_unit": "pro 1l |", "breadcrumb": "Sortiment > Sortiment > Cynar", "pdp_url": "https://sortiment.lidl.ch/de/cynar-5103741", "product_description": "Artikelnr.: 5103741 Angebot solange Vorrat."}
{"product_name": "Terme di Crodo Soda", "brand": "", "regular_price": 31.2, "selling_price": 15.59, "price_per_unit": "pro 0,33l | 1L = 47.25 CHF", "breadcrumb": "Sortiment > Sortiment > Terme di Crodo Soda", "pdp_url": "https://sortiment.lidl.ch/de/terme-di-crodo-soda-5101186", "product_description": "Artikelnr.: 5101186 *Konkurrenzvergleich:  19.09.2024 Angebot solange Vorrat."}
{"product_name": "Terme di Crodo Soda", "brand": "", "regular_price": 31.2, "selling_price": 15.59, "price_per_unit": "pro 0,33l | 1L = 47.25 CHF", "breadcrumb": "Sortiment > Sortiment > Terme di Crodo Soda", "pdp_url": "https://sortiment.lidl.ch/de/terme-di-crodo-soda-5101185", "product_description": "Artikelnr.: 5101185 *Konkurrenzvergleich:  19.09.2024 Angebot solange Vorrat."}
{"product_name": "Averna Amaro Siciliano", "brand": "", "regular_price": 17.95, "selling_price": 17.95, "price_per_unit": "pro 0,7l | 1L = 25.65 CHF", "breadcrumb": "Sortiment > Sortiment > Averna Amaro Siciliano", "pdp_url": "https://sortiment.lidl.ch/de/averna-amaro-siciliano-0001035", "product_description": "Artikelnr.: 1035 Angebot solange Vorrat."}
{"product_name": "Pernigotti Gianduiotto Classic", "brand": "", "regular_price": 3.89, "selling_price": 3.89, "price_per_unit": "pro 140g | 100g = 2.78 CHF", "breadcrumb": "Sortiment > Sortiment > Pernigotti Gianduiotto Classic", "pdp_url": "https://sortiment.lidl.ch/de/pernigotti-gianduiotto-classic-5112493", "product_description": "Artikelnr.: 5112493 Angebot solange Vorrat."}
{"product_name": "Pernigotti Gianduia Classic", "brand": "", "regular_price": 5.79, "selling_price": 5.79, "price_per_unit": "pro 330g | 100g = 1.76 CHF", "breadcrumb": "Sortiment > Sortiment > Pernigotti Gianduia Classic", "pdp_url": "https://sortiment.lidl.ch/de/pernigotti-gianduia-classic-5112491", "product_description": "Artikelnr.: 5112491 Angebot solange Vorrat."}
{"product_name": "Lavazza Crema e Gusto Tradizione", "brand": "lavazza", "regular_price": 11.95, "selling_price": 11.95, "price_per_unit": "pro 1kg |", "breadcrumb": "Sortiment > Sortiment > Lavazza Crema e Gusto Tradizione", "pdp_url": "https://sortiment.lidl.ch/de/lavazza-crema-e-gusto-tradizione-5110943", "product_description": "Artikelnr.: 5110943 Angebot solange Vorrat."}
{"product_name": "Lavazza Crema e Gusto Kaffee gemahlen", "brand": "lavazza", "regular_price": 3.99, "selling_price": 3.99, "price_per_unit": "pro 250g | 100g = 1.60 CHF", "breadcrumb": "Sortiment > Sortiment > Lavazza Crema e Gusto Kaffee gemahlen", "pdp_url": "https://sortiment.lidl.ch/de/lavazza-crema-e-gusto-kaffee-gemahlen-5112989", "product_description": "Artikelnr.: 5112989 Angebot solange Vorrat."}
{"product_name": "Lavazza Caffé Crema Gustoso", "brand": "lavazza", "regular_price": 11.95, "selling_price": 11.95, "price_per_unit": "pro 1kg |", "breadcrumb": "Sortiment > Sortiment > Lavazza Caffé Crema Gustoso", "pdp_url": "https://sortiment.lidl.ch/de/lavazza-caffe-crema-gustoso-5112949", "product_description": "Artikelnr.: 5112949 Angebot solange Vorrat."}
{"product_name": "Pernigotti Cremino Dark", "brand": "", "regular_price": 3.89, "selling_price": 3.89, "price_per_unit": "pro 140g | 100g = 2.78 CHF", "breadcrumb": "Sortiment > Sortiment > Pernigotti Cremino Dark", "pdp_url": "https://sortiment.lidl.ch/de/pernigotti-cremino-dark-5112496", "product_description": "Artikelnr.: 5112496 Angebot solange Vorrat."}
{"product_name": "Pernigotti Cremino Classic", "brand": "", "regular_price": 3.89, "selling_price": 3.89, "price_per_unit": "pro 140g | 100g = 2.78 CHF", "breadcrumb": "Sortiment > Sortiment > Pernigotti Cremino Classic", "pdp_url": "https://sortiment.lidl.ch/de/pernigotti-cremino-classic-5112495", "product_description": "Artikelnr.: 5112495 Angebot solange Vorrat."}
{"product_name": "Pernigotti Gianduiotto Dark", "brand": "", "regular_price": 3.89, "selling_price": 3.89, "price_per_unit": "pro 140g | 100g = 2.78 CHF", "breadcrumb": "Sortiment > Sortiment > Pernigotti Gianduiotto Dark", "pdp_url": "https://sortiment.lidl.ch/de/pernigotti-gianduiotto-dark-5112494", "product_description": "Artikelnr.: 5112494 Angebot solange Vorrat."}
{"product_name": "Lavazza Qualita Rossa", "brand": "lavazza", "regular_price": 18.2, "selling_price": 11.95, "price_per_unit": "pro 1kg |", "breadcrumb": "Sortiment > Sortiment > Lavazza Qualita Rossa", "pdp_url": "https://sortiment.lidl.ch/de/lavazza-qualita-rossa-5106570", "product_description": "Artikelnr.: 5106570 *Konkurrenzvergleich:  19.09.2024 Angebot solange Vorrat."}
{"product_name": "Snack mit Haselnusscremefüllung", "brand": "italiamo", "regular_price": 1.99, "selling_price": 1.99, "price_per_unit": "pro 222g | 100g = 0.90 CHF", "breadcrumb": "Sortiment > Sortiment > Snack mit Haselnusscremefüllung", "pdp_url": "https://sortiment.lidl.ch/de/snack-mit-haselnusscremefuellung-6000941", "product_description": "Artikelnr.: 6000941 Angebot solange Vorrat."}
{"product_name": "Pernigotti Gianduia Dark", "brand": "", "regular_price": 5.79, "selling_price": 5.79, "price_per_unit": "pro 330g | 100g = 1.76 CHF", "breadcrumb": "Sortiment > Sortiment > Pernigotti Gianduia Dark", "pdp_url": "https://sortiment.lidl.ch/de/pernigotti-gianduia-dark-5112492", "product_description": "Artikelnr.: 5112492 Angebot solange Vorrat."}
{"product_name": "Cornetti", "brand": "italiamo", "regular_price": 2.89, "selling_price": 2.89, "price_per_unit": "pro 500g | 100g = 0.58 CHF", "breadcrumb": "Sortiment > Sortiment > Cornetti", "pdp_url": "https://sortiment.lidl.ch/de/cornetti-6000214", "product_description": "Artikelnr.: 6000214 Angebot solange Vorrat."}
{"product_name": "Cornetti", "brand": "italiamo", "regular_price": 2.89, "selling_price": 2.89, "price_per_unit": "pro 500g | 100g = 0.58 CHF", "breadcrumb": "Sortiment > Sortiment > Cornetti", "pdp_url": "https://sortiment.lidl.ch/de/cornetti-6000213", "product_description": "Artikelnr.: 6000213 Angebot solange Vorrat."}
{"product_name": "San Benedetto Mineralwasser", "brand": "", "regular_price": 0.65, "selling_price": 0.65, "price_per_unit": "pro 2l | 1L = 0.33 CHF", "breadcrumb": "Sortiment > Sortiment > San Benedetto Mineralwasser", "pdp_url": "https://sortiment.lidl.ch/de/san-benedetto-mineralwasser-0006930", "product_description": "Artikelnr.: 6930 Angebot solange Vorrat."}
{"product_name": "Barilla Napoletana Sauce", "brand": "barilla", "regular_price": 17.94, "selling_price": 10.95, "price_per_unit": "pro 6x400g | 100g = 0.46 CHF", "breadcrumb": "Sortiment > Sortiment > Barilla Napoletana Sauce", "pdp_url": "https://sortiment.lidl.ch/de/barilla-napoletana-sauce-0003910", "product_description": "Artikelnr.: 3910 Angebot solange Vorrat."}
{"product_name": "Cirio Olivenöl Extra Vergine", "brand": "", "regular_price": 12.99, "selling_price": 12.99, "price_per_unit": "pro 1l |", "breadcrumb": "Sortiment > Sortiment > Cirio Olivenöl Extra Vergine", "pdp_url": "https://sortiment.lidl.ch/de/cirio-olivenoel-extra-vergine-5112749", "product_description": "Artikelnr.: 5112749 Angebot solange Vorrat."}
{"product_name": "Barilla Basilico Sauce", "brand": "barilla", "regular_price": 17.94, "selling_price": 10.95, "price_per_unit": "pro 6x400g | 100g = 0.46 CHF", "breadcrumb": "Sortiment > Sortiment > Barilla Basilico Sauce", "pdp_url": "https://sortiment.lidl.ch/de/barilla-basilico-sauce-0003907", "product_description": "Artikelnr.: 3907 Angebot solange Vorrat."}
{"product_name": "Barilla Arrabbiata Sauce", "brand": "barilla", "regular_price": 17.94, "selling_price": 10.95, "price_per_unit": "pro 6x400g | 100g = 0.46 CHF", "breadcrumb": "Sortiment > Sortiment > Barilla Arrabbiata Sauce", "pdp_url": "https://sortiment.lidl.ch/de/barilla-arrabbiata-sauce-0003909", "product_description": "Artikelnr.: 3909 Angebot solange Vorrat."}
{"product_name": "Barilla Pesto Rustico", "brand": "barilla", "regular_price": 4.5, "selling_price": 3.45, "price_per_unit": "pro 200g | 100g = 1.73 CHF", "breadcrumb": "Sortiment > Sortiment > Barilla Pesto Rustico", "pdp_url": "https://sortiment.lidl.ch/de/barilla-pesto-rustico-0001858", "product_description": "Artikelnr.: 1858 *Konkurrenzvergleich:  19.09.2024 Angebot solange Vorrat."}
{"product_name": "Pesto", "brand": "italiamo", "regular_price": 1.59, "selling_price": 1.59, "price_per_unit": "pro 180g | 100g = 0.89 CHF", "breadcrumb": "Sortiment > Sortiment > Pesto", "pdp_url": "https://sortiment.lidl.ch/de/pesto-6001211", "product_description": "Artikelnr.: 6001211 Angebot solange Vorrat."}
{"product_name": "Nduja aus Spilinga", "brand": "italiamo", "regular_price": 5.99, "selling_price": 5.99, "price_per_unit": "pro 200g | 100g = 3.00 CHF", "breadcrumb": "Sortiment > Sortiment > Nduja aus Spilinga", "pdp_url": "https://sortiment.lidl.ch/de/nduja-aus-spilinga-6015028", "product_description": "Artikelnr.: 6015028 Angebot solange Vorrat."}
{"product_name": "Balsamico Sauce", "brand": "italiamo", "regular_price": 1.49, "selling_price": 1.49, "price_per_unit": "pro 250ml | 1L = 5.96 CHF", "breadcrumb": "Sortiment > Sortiment > Balsamico Sauce", "pdp_url": "https://sortiment.lidl.ch/de/balsamico-sauce-0039128", "product_description": "Artikelnr.: 39128 Angebot solange Vorrat."}
{"product_name": "Gehackte Tomaten", "brand": "italiamo", "regular_price": 0.99, "selling_price": 0.99, "price_per_unit": "pro 260g (Abtropfgewicht) | 100g = 0.39 CHF", "breadcrumb": "Sortiment > Sortiment > Gehackte Tomaten", "pdp_url": "https://sortiment.lidl.ch/de/gehackte-tomaten-0029238", "product_description": "Artikelnr.: 29238 Angebot solange Vorrat."}
{"product_name": "Findus Cannelloni Fiorentina", "brand": "findus", "regular_price": 7.3, "selling_price": 5.49, "price_per_unit": "pro 600g | 100g = 0.92 CHF", "breadcrumb": "Sortiment > Sortiment > Findus Cannelloni Fiorentina", "pdp_url": "https://sortiment.lidl.ch/de/findus-cannelloni-fiorentina-5106385", "product_description": "Artikelnr.: 5106385 *Konkurrenzvergleich:  19.09.2024 Angebot solange Vorrat."}
{"product_name": "Pinsami Pinsa Klassisch", "brand": "", "regular_price": 3.49, "selling_price": 3.49, "price_per_unit": "pro 230g | 100g = 1.52 CHF", "breadcrumb": "Sortiment > Sortiment > Pinsami Pinsa Klassisch", "pdp_url": "https://sortiment.lidl.ch/de/pinsami-pinsa-klassisch-5111870", "product_description": "Artikelnr.: 5111870 Angebot solange Vorrat."}
{"product_name": "Risotti", "brand": "italiamo", "regular_price": 1.29, "selling_price": 1.29, "price_per_unit": "pro 175g | 100g = 0.74 CHF", "breadcrumb": "Sortiment > Sortiment > Risotti", "pdp_url": "https://sortiment.lidl.ch/de/risotti-0132819", "product_description": "Artikelnr.: 132819 Angebot solange Vorrat."}
{"product_name": "Fladenbrot", "brand": "italiamo", "regular_price": 1.59, "selling_price": 1.59, "price_per_unit": "pro 2x115g | 100g = 0.70 CHF", "breadcrumb": "Sortiment > Sortiment > Fladenbrot", "pdp_url": "https://sortiment.lidl.ch/de/fladenbrot-6003109", "product_description": "Artikelnr.: 6003109 Angebot solange Vorrat."}
{"product_name": "Pecorino Romano", "brand": "italiamo", "regular_price": 2.49, "selling_price": 2.49, "price_per_unit": "pro 100g |", "breadcrumb": "Sortiment > Sortiment > Pecorino Romano", "pdp_url": "https://sortiment.lidl.ch/de/pecorino-romano-6000996", "product_description": "Artikelnr.: 6000996 Angebot solange Vorrat."}
{"product_name": "Strolghino Salami", "brand": "italiamo", "regular_price": 6.99, "selling_price": 6.99, "price_per_unit": "pro 250g | 100g = 2.80 CHF", "breadcrumb": "Sortiment > Sortiment > Strolghino Salami", "pdp_url": "https://sortiment.lidl.ch/de/strolghino-salami-6000067", "product_description": "Artikelnr.: 6000067 Angebot solange Vorrat."}
{"product_name": "Parmigiano Reggiano", "brand": "italiamo", "regular_price": 1.99, "selling_price": 1.99, "price_per_unit": "pro 100g |", "breadcrumb": "Sortiment > Sortiment > Parmigiano Reggiano", "pdp_url": "https://sortiment.lidl.ch/de/parmigiano-reggiano-0098191", "product_description": "Artikelnr.: 98191 Angebot solange Vorrat."}
{"product_name": "Super Bock Bier 24er-Pack", "brand": "super_bock", "regular_price": 27.8, "selling_price": 16.95, "price_per_unit": "pro 24x0,33l | 1L = 2.15 CHF", "breadcrumb": "Sortiment > Sortiment > Super Bock Bier 24er-Pack", "pdp_url": "https://sortiment.lidl.ch/de/super-bock-bier-24er-pack-0006308", "product_description": "Artikelnr.: 6308 *Konkurrenzvergleich:  19.09.2024 Angebot solange Vorrat."}
{"product_name": "Meli Passionsfrucht Nectar", "brand": "", "regular_price": 2.29, "selling_price": 2.29, "price_per_unit": "pro 1000ml |", "breadcrumb": "Sortiment > Sortiment > Meli Passionsfrucht Nectar", "pdp_url": "https://sortiment.lidl.ch/de/meli-passionsfrucht-nectar-5113003", "product_description": "Artikelnr.: 5113003 Angebot solange Vorrat."}
{"product_name": "Meli Mango Nectar", "brand": "", "regular_price": 2.09, "selling_price": 2.09, "price_per_unit": "pro 1000ml |", "breadcrumb": "Sortiment > Sortiment > Meli Mango Nectar", "pdp_url": "https://sortiment.lidl.ch/de/meli-mango-nectar-5113002", "product_description": "Artikelnr.: 5113002 Angebot solange Vorrat."}
{"product_name": "Guave Nectar", "brand": "", "regular_price": 2.09, "selling_price": 2.09, "price_per_unit": "pro 1000ml |", "breadcrumb": "Sortiment > Sortiment > Guave Nectar", "pdp_url": "https://sortiment.lidl.ch/de/guave-nectar-5113001", "product_description": "Artikelnr.: 5113001 Angebot solange Vorrat."}
{"product_name": "Nocco Black Orange", "brand": "", "regular_price": 2.5, "selling_price": 1.95, "price_per_unit": "pro 330ml | 1L = 5.91 CHF", "breadcrumb": "Sortiment > Sortiment > Nocco Black Orange", "pdp_url": "https://sortiment.lidl.ch/de/nocco-black-orange-5113006", "product_description": "Artikelnr.: 5113006 *Konkurrenzvergleich:  19.09.2024 Angebot solange Vorrat."}
{"product_name": "Nocco Romonade", "brand": "", "regular_price": 2.5, "selling_price": 1.95, "price_per_unit": "pro 330ml | 1L = 5.91 CHF", "breadcrumb": "Sortiment > Sortiment > Nocco Romonade", "pdp_url": "https://sortiment.lidl.ch/de/nocco-romonade-5113005", "product_description": "Artikelnr.: 5113005 *Konkurrenzvergleich:  19.09.2024 Angebot solange Vorrat."}
{"product_name": "Nocco Blood Orange del Sol", "brand": "", "regular_price": 2.5, "selling_price": 1.95, "price_per_unit": "pro 330ml | 1L = 5.91 CHF", "breadcrumb": "Sortiment > Sortiment > Nocco Blood Orange del Sol", "pdp_url": "https://sortiment.lidl.ch/de/nocco-blood-orange-del-sol-5112454", "product_description": "Artikelnr.: 5112454 *Konkurrenzvergleich:  19.09.2024 Angebot solange Vorrat."}
{"product_name": "Nocco Mango", "brand": "", "regular_price": 2.5, "selling_price": 1.95, "price_per_unit": "pro 330ml | 1L = 5.91 CHF", "breadcrumb": "Sortiment > Sortiment > Nocco Mango", "pdp_url": "https://sortiment.lidl.ch/de/nocco-mango-5112452", "product_description": "Artikelnr.: 5112452 *Konkurrenzvergleich:  19.09.2024 Angebot solange Vorrat."}
{"product_name": "Nocco Pfirsich", "brand": "", "regular_price": 2.5, "selling_price": 1.95, "price_per_unit": "pro 330ml | 1L = 5.91 CHF", "breadcrumb": "Sortiment > Sortiment > Nocco Pfirsich", "pdp_url": "https://sortiment.lidl.ch/de/nocco-pfirsich-5112453", "product_description": "Artikelnr.: 5112453 *Konkurrenzvergleich:  19.09.2024 Angebot solange Vorrat."}
{"product_name": "Nocco Limon del Sol", "brand": "", "regular_price": 2.5, "selling_price": 1.95, "price_per_unit": "pro 330ml | 1L = 5.91 CHF", "breadcrumb": "Sortiment > Sortiment > Nocco Limon del Sol", "pdp_url": "https://sortiment.lidl.ch/de/nocco-limon-del-sol-5112451", "product_description": "Artikelnr.: 5112451 *Konkurrenzvergleich:  19.09.2024 Angebot solange Vorrat."}
{"product_name": "Sinalco Original", "brand": "", "regular_price": 14.35, "selling_price": 8.59, "price_per_unit": "pro 6x1,5l | 1L = 0.96 CHF", "breadcrumb": "Sortiment > Sortiment > Sinalco Original", "pdp_url": "https://sortiment.lidl.ch/de/sinalco-original-5104994", "product_description": "Artikelnr.: 5104994 *Konkurrenzvergleich:  19.09.2024 Angebot solange Vorrat."}
{"product_name": "Kalifornische Pistazien XXL", "brand": "alesto", "regular_price": 7.98, "selling_price": 5.99, "price_per_unit": "pro 500g | 100g = 1.20 CHF", "breadcrumb": "Sortiment > Sortiment > Kalifornische Pistazien XXL", "pdp_url": "https://sortiment.lidl.ch/de/kalifornische-pistazien-xxl-0156339", "product_description": "Artikelnr.: 156339 Angebot solange Vorrat."}
{"product_name": "Wernli Wiener Waffeln Trio", "brand": "wernli", "regular_price": 11.1, "selling_price": 7.39, "price_per_unit": "pro 3x150g | 100g = 1.65 CHF", "breadcrumb": "Sortiment > Sortiment > Wernli Wiener Waffeln Trio", "pdp_url": "https://sortiment.lidl.ch/de/wernli-wiener-waffeln-trio-5112665", "product_description": "Artikelnr.: 5112665 *Konkurrenzvergleich:  19.09.2024 Angebot solange Vorrat."}
{"product_name": "Wernli Japonais Trio", "brand": "wernli", "regular_price": 11.1, "selling_price": 7.39, "price_per_unit": "pro 3x100g | 100g = 2.47 CHF", "breadcrumb": "Sortiment > Sortiment > Wernli Japonais Trio", "pdp_url": "https://sortiment.lidl.ch/de/wernli-japonais-trio-5111718", "product_description": "Artikelnr.: 5111718 *Konkurrenzvergleich:  19.09.2024 Angebot solange Vorrat."}
{"product_name": "Wernli Choco Petit Beurre", "brand": "wernli", "regular_price": 11.07, "selling_price": 7.39, "price_per_unit": "pro 3x125g | 100g = 1.98 CHF", "breadcrumb": "Sortiment > Sortiment > Wernli Choco Petit Beurre", "pdp_url": "https://sortiment.lidl.ch/de/wernli-choco-petit-beurre-5108919", "product_description": "Artikelnr.: 5108919 Angebot solange Vorrat."}
{"product_name": "Wernli Butterherzli Trio", "brand": "wernli", "regular_price": 11.07, "selling_price": 7.39, "price_per_unit": "pro 3x100g | 100g = 2.47 CHF", "breadcrumb": "Sortiment > Sortiment > Wernli Butterherzli Trio", "pdp_url": "https://sortiment.lidl.ch/de/wernli-butterherzli-trio-5108918", "product_description": "Artikelnr.: 5108918 Angebot solange Vorrat."}
{"product_name": "Pampers Windeln Baby Dry Gr. 8", "brand": "pampers", "regular_price": 47.02, "selling_price": 27.95, "price_per_unit": "pro 66 Stück | 1 Stk = 0.43 CHF", "breadcrumb": "Sortiment > Sortiment > Pampers Windeln Baby Dry Gr. 8", "pdp_url": "https://sortiment.lidl.ch/de/pampers-windeln-baby-dry-gr-8-1800397", "product_description": "Artikelnr.: 1800397 *Konkurrenzvergleich:  19.09.2024 Angebot solange Vorrat."}
{"product_name": "Pampers Windeln Baby Dry Gr. 6+", "brand": "pampers", "regular_price": 31.83, "selling_price": 27.95, "price_per_unit": "pro 74 Stück | 1 Stk = 0.38 CHF", "breadcrumb": "Sortiment > Sortiment > Pampers Windeln Baby Dry Gr. 6+", "pdp_url": "https://sortiment.lidl.ch/de/pampers-windeln-baby-dry-gr-6-1800396", "product_description": "Artikelnr.: 1800396 *Konkurrenzvergleich:  19.09.2024 Angebot solange Vorrat."}
{"product_name": "Pampers Pants Baby Dry", "brand": "pampers", "regular_price": 41.27, "selling_price": 27.95, "price_per_unit": "pro 60 Stück | 1 Stk = 0.47 CHF", "breadcrumb": "Sortiment > Sortiment > Pampers Pants Baby Dry", "pdp_url": "https://sortiment.lidl.ch/de/pampers-pants-baby-dry-1800169", "product_description": "Artikelnr.: 1800169 *Konkurrenzvergleich:  19.09.2024 Angebot solange Vorrat."}
{"product_name": "Pampers Windeln Baby Dry", "brand": "pampers", "regular_price": 45.04, "selling_price": 27.95, "price_per_unit": "pro 70 Stück | 1 Stk = 0.40 CHF", "breadcrumb": "Sortiment > Sortiment > Pampers Windeln Baby Dry", "pdp_url": "https://sortiment.lidl.ch/de/pampers-windeln-baby-dry-1800168", "product_description": "Artikelnr.: 1800168 *Konkurrenzvergleich:  19.09.2024 Angebot solange Vorrat."}
{"product_name": "Pampers Pants Baby Dry Gr.8", "brand": "pampers", "regular_price": 41.43, "selling_price": 27.95, "price_per_unit": "pro 54 Stück | 1 Stk = 0.52 CHF", "breadcrumb": "Sortiment > Sortiment > Pampers Pants Baby Dry Gr.8", "pdp_url": "https://sortiment.lidl.ch/de/pampers-pants-baby-dry-gr-8-1800398", "product_description": "Artikelnr.: 1800398 *Konkurrenzvergleich:  19.09.2024 Angebot solange Vorrat."}
{"product_name": "Pampers Windeln Baby Dry Pants Gr. 5", "brand": "pampers", "regular_price": 44.21, "selling_price": 27.95, "price_per_unit": "pro 82 Stück | 1 Stk = 0.35 CHF", "breadcrumb": "Sortiment > Sortiment > Pampers Windeln Baby Dry Pants Gr. 5", "pdp_url": "https://sortiment.lidl.ch/de/pampers-windeln-baby-dry-pants-gr-5-0008650", "product_description": "Artikelnr.: 8650 *Konkurrenzvergleich:  19.09.2024 Angebot solange Vorrat."}
{"product_name": "Pampers Windeln Baby Dry Gr. 5", "brand": "pampers", "regular_price": 34.95, "selling_price": 27.95, "price_per_unit": "pro 90 Stück | 1 Stk = 0.32 CHF", "breadcrumb": "Sortiment > Sortiment > Pampers Windeln Baby Dry Gr. 5", "pdp_url": "https://sortiment.lidl.ch/de/pampers-windeln-baby-dry-gr-5-0008649", "product_description": "Artikelnr.: 8649 *Konkurrenzvergleich:  19.09.2024 Angebot solange Vorrat."}
{"product_name": "Pampers Pants Baby Dry", "brand": "pampers", "regular_price": 27.95, "selling_price": 27.95, "price_per_unit": "pro 90 Stück | 1 Stk = 0.32 CHF", "breadcrumb": "Sortiment > Sortiment > Pampers Pants Baby Dry", "pdp_url": "https://sortiment.lidl.ch/de/pampers-pants-baby-dry-0008648", "product_description": "Artikelnr.: 8648 Angebot solange Vorrat."}
{"product_name": "Pampers Windeln Baby Dry Gr. 4", "brand": "pampers", "regular_price": 46.87, "selling_price": 27.95, "price_per_unit": "pro 106 Stück | 1 Stk = 0.27 CHF", "breadcrumb": "Sortiment > Sortiment > Pampers Windeln Baby Dry Gr. 4", "pdp_url": "https://sortiment.lidl.ch/de/pampers-windeln-baby-dry-gr-4-0008647", "product_description": "Artikelnr.: 8647 *Konkurrenzvergleich:  19.09.2024 Angebot solange Vorrat."}
{"product_name": "Pampers Windeln Baby Dry Gr. 3", "brand": "pampers", "regular_price": 45.69, "selling_price": 27.95, "price_per_unit": "pro 124 Stück | 1 Stk = 0.23 CHF", "breadcrumb": "Sortiment > Sortiment > Pampers Windeln Baby Dry Gr. 3", "pdp_url": "https://sortiment.lidl.ch/de/pampers-windeln-baby-dry-gr-3-0008646", "product_description": "Artikelnr.: 8646 *Konkurrenzvergleich:  19.09.2024 Angebot solange Vorrat."}
{"product_name": "Pampers Windeln Baby Dry Gr. 4+", "brand": "pampers", "regular_price": 46.88, "selling_price": 27.95, "price_per_unit": "pro 94 Stk | 1 Stk = 0.30 CHF", "breadcrumb": "Sortiment > Sortiment > Pampers Windeln Baby Dry Gr. 4+", "pdp_url": "https://sortiment.lidl.ch/de/pampers-windeln-baby-dry-gr-4-0003780", "product_description": "Artikelnr.: 3780 *Konkurrenzvergleich:  19.09.2024 Angebot solange Vorrat."}
{"product_name": "Pampers Windeln Baby Dry Gr. 6", "brand": "pampers", "regular_price": 45.65, "selling_price": 27.95, "price_per_unit": "pro 78 Stk | 1 Stk = 0.36 CHF", "breadcrumb": "Sortiment > Sortiment > Pampers Windeln Baby Dry Gr. 6", "pdp_url": "https://sortiment.lidl.ch/de/pampers-windeln-baby-dry-gr-6-0003776", "product_description": "Artikelnr.: 3776 *Konkurrenzvergleich:  19.09.2024 Angebot solange Vorrat."}
{"product_name": "Pampers Windeln Baby Dry Gr.5+", "brand": "pampers", "regular_price": 46.54, "selling_price": 27.95, "price_per_unit": "pro 84 Stk | 1 Stk = 0.34 CHF", "breadcrumb": "Sortiment > Sortiment > Pampers Windeln Baby Dry Gr.5+", "pdp_url": "https://sortiment.lidl.ch/de/pampers-windeln-baby-dry-gr-5-0003777", "product_description": "Artikelnr.: 3777 *Konkurrenzvergleich:  19.09.2024 Angebot solange Vorrat."}
{"product_name": "Pampers Windeln Baby Dry Pants Gr. 6", "brand": "pampers", "regular_price": 43.64, "selling_price": 27.95, "price_per_unit": "pro 70 Stück | 1 Stk = 0.40 CHF", "breadcrumb": "Sortiment > Sortiment > Pampers Windeln Baby Dry Pants Gr. 6", "pdp_url": "https://sortiment.lidl.ch/de/pampers-windeln-baby-dry-pants-gr-6-0003775", "product_description": "Artikelnr.: 3775 *Konkurrenzvergleich:  19.09.2024 Angebot solange Vorrat."}
{"product_name": "Ariel All in 1 Pods Regular", "brand": "ariel", "regular_price": 59.5, "selling_price": 26.95, "price_per_unit": "pro 76 Stück | 1 Stk = 0.36 CHF", "breadcrumb": "Sortiment > Sortiment > Ariel All in 1 Pods Regular", "pdp_url": "https://sortiment.lidl.ch/de/ariel-all-in-1-pods-regular-0008399", "product_description": "Artikelnr.: 8399 Angebot solange Vorrat."}
{"product_name": "Ariel All in 1 Pods Color", "brand": "ariel", "regular_price": 59.5, "selling_price": 26.95, "price_per_unit": "pro 76 Stück | 1 Stk = 0.36 CHF", "breadcrumb": "Sortiment > Sortiment > Ariel All in 1 Pods Color", "pdp_url": "https://sortiment.lidl.ch/de/ariel-all-in-1-pods-color-0008402", "product_description": "Artikelnr.: 8402 Angebot solange Vorrat."}
{"product_name": "Varta Longlife Batterien Big Box", "brand": "", "regular_price": 22.42, "selling_price": 9.99, "price_per_unit": "pro 12 Stück | 1 Stk = 0.84 CHF", "breadcrumb": "Sortiment > Sortiment > Varta Longlife Batterien Big Box", "pdp_url": "https://sortiment.lidl.ch/de/varta-longlife-batterien-big-box-0008445", "product_description": "Artikelnr.: 8445 *Konkurrenzvergleich:  19.09.2024 Angebot solange Vorrat."}
{"product_name": "Felix Katzennahrung in Gelée", "brand": "felix", "regular_price": 26.16, "selling_price": 13.95, "price_per_unit": "pro 40x85g | 100g = 0.42 CHF", "breadcrumb": "Sortiment > Sortiment > Felix Katzennahrung in Gelée", "pdp_url": "https://sortiment.lidl.ch/de/felix-katzennahrung-in-gelee-0008706", "product_description": "Artikelnr.: 8706 Angebot solange Vorrat."}
{"product_name": "Tempo Taschentücher", "brand": "", "regular_price": 12.6, "selling_price": 6.95, "price_per_unit": "pro 3x100Stk. |", "breadcrumb": "Sortiment > Sortiment > Tempo Taschentücher", "pdp_url": "https://sortiment.lidl.ch/de/tempo-taschentuecher-1800486", "product_description": "Artikelnr.: 1800486 *Konkurrenzvergleich:  19.09.2024 Angebot solange Vorrat."}
{"product_name": "Ariel Pods All-in-1", "brand": "ariel", "regular_price": 59.5, "selling_price": 26.95, "price_per_unit": "pro 76 Stück | 1 Stk = 0.36 CHF", "breadcrumb": "Sortiment > Sortiment > Ariel Pods All-in-1", "pdp_url": "https://sortiment.lidl.ch/de/ariel-pods-all-in-1-1800495", "product_description": "Artikelnr.: 1800495 Angebot solange Vorrat."}
{"product_name": "Knorr Risotto", "brand": "knorr", "regular_price": 7.9, "selling_price": 4.95, "price_per_unit": "pro 2x250g | 100g = 0.99 CHF", "breadcrumb": "Sortiment > Sortiment > Knorr Risotto", "pdp_url": "https://sortiment.lidl.ch/de/knorr-risotto-0006468", "product_description": "Artikelnr.: 6468 Angebot solange Vorrat."}
{"product_name": "Hinterschinken Duopack", "brand": "", "regular_price": 7.18, "selling_price": 4.79, "price_per_unit": "pro 2x200g | 100g = 1.20 CHF", "breadcrumb": "Sortiment > Sortiment > Hinterschinken Duopack", "pdp_url": "https://sortiment.lidl.ch/de/hinterschinken-duopack-5110543", "product_description": "Artikelnr.: 5110543 Angebot solange Vorrat."}
{"product_name": "Kalbsbratwurst", "brand": "maestade", "regular_price": 3.99, "selling_price": 3.99, "price_per_unit": "pro 2x130g | 100g = 1.54 CHF", "breadcrumb": "Sortiment > Sortiment > Kalbsbratwurst", "pdp_url": "https://sortiment.lidl.ch/de/kalbsbratwurst-5112401", "product_description": "Artikelnr.: 5112401 Angebot solange Vorrat."}
{"product_name": "Gourmet Gold Katzennahrung", "brand": "gourmet_gold", "regular_price": 22.17, "selling_price": 13.95, "price_per_unit": "pro 24x85g | 100g = 0.69 CHF", "breadcrumb": "Sortiment > Sortiment > Gourmet Gold Katzennahrung", "pdp_url": "https://sortiment.lidl.ch/de/gourmet-gold-katzennahrung-1800573", "product_description": "Artikelnr.: 1800573 Angebot solange Vorrat."}
{"product_name": "Lusso Magnum Double Starchaser", "brand": "lusso", "regular_price": 9.5, "selling_price": 7.59, "price_per_unit": "pro 340ml | 1L = 22.33 CHF", "breadcrumb": "Sortiment > Sortiment > Lusso Magnum Double Starchaser", "pdp_url": "https://sortiment.lidl.ch/de/lusso-magnum-double-starchaser-1800077", "product_description": "Artikelnr.: 1800077 *Konkurrenzvergleich:  19.09.2024 Angebot solange Vorrat."}
{"product_name": "Lusso Magnum Almond", "brand": "lusso", "regular_price": 12.65, "selling_price": 8.95, "price_per_unit": "pro 8x100ml | 1L = 11.19 CHF", "breadcrumb": "Sortiment > Sortiment > Lusso Magnum Almond", "pdp_url": "https://sortiment.lidl.ch/de/lusso-magnum-almond-1800427", "product_description": "Artikelnr.: 1800427 *Konkurrenzvergleich:  19.09.2024 Angebot solange Vorrat."}
{"product_name": "Langnese Magnum Classic", "brand": "", "regular_price": 12.65, "selling_price": 8.95, "price_per_unit": "pro 800ml | 1L = 11.19 CHF", "breadcrumb": "Sortiment > Sortiment > Langnese Magnum Classic", "pdp_url": "https://sortiment.lidl.ch/de/langnese-magnum-classic-0213242", "product_description": "Artikelnr.: 213242 *Konkurrenzvergleich:  19.09.2024 Angebot solange Vorrat."}
{"product_name": "Lusso Twister Mini Stieleis", "brand": "lusso", "regular_price": 9.5, "selling_price": 7.35, "price_per_unit": "pro 400ml | 1L = 18.38 CHF", "breadcrumb": "Sortiment > Sortiment > Lusso Twister Mini Stieleis", "pdp_url": "https://sortiment.lidl.ch/de/lusso-twister-mini-stieleis-0008695", "product_description": "Artikelnr.: 8695 *Konkurrenzvergleich:  19.09.2024 Angebot solange Vorrat."}
{"product_name": "Cronuts Choco 2er", "brand": "", "regular_price": 1.99, "selling_price": 1.99, "price_per_unit": "pro 156g | 100g = 1.28 CHF", "breadcrumb": "Sortiment > Sortiment > Cronuts Choco 2er", "pdp_url": "https://sortiment.lidl.ch/de/cronuts-choco-2er-0169427", "product_description": "Artikelnr.: 169427 Angebot solange Vorrat."}
{"product_name": "Voll-/ Colorwaschmittel", "brand": "formil", "regular_price": 5.39, "selling_price": 5.39, "price_per_unit": "pro 1,5l |", "breadcrumb": "Sortiment > Sortiment > Voll-/ Colorwaschmittel", "pdp_url": "https://sortiment.lidl.ch/de/voll-colorwaschmittel-0218219", "product_description": "Artikelnr.: 218219"}
{"product_name": "Roter Teufel Cordon Bleu", "brand": "bonvalle", "regular_price": 9.99, "selling_price": 9.99, "price_per_unit": "pro 350g | 100g = 2.86 CHF", "breadcrumb": "Sortiment > Sortiment > Roter Teufel Cordon Bleu", "pdp_url": "https://sortiment.lidl.ch/de/roter-teufel-cordon-bleu-5109910", "product_description": "Artikelnr.: 5109910"}
{"product_name": "Bündner Cordon Bleu", "brand": "bonvalle", "regular_price": 9.99, "selling_price": 9.99, "price_per_unit": "pro 350g | 100g = 2.86 CHF", "breadcrumb": "Sortiment > Sortiment > Bündner Cordon Bleu", "pdp_url": "https://sortiment.lidl.ch/de/buendner-cordon-bleu-5109909", "product_description": "Artikelnr.: 5109909"}
{"product_name": "Aptamil Pronutra 2 Folgemilch", "brand": "", "regular_price": 38.99, "selling_price": 38.99, "price_per_unit": "pro 1.2kg | 100g = 3.25 CHF", "breadcrumb": "Sortiment > Sortiment > Aptamil Pronutra 2 Folgemilch", "pdp_url": "https://sortiment.lidl.ch/de/aptamil-pronutra-2-folgemilch-1800547", "product_description": "Artikelnr.: 1800547"}
{"product_name": "Aptamil Pronutra 1 Anfangsmilch", "brand": "", "regular_price": 38.99, "selling_price": 38.99, "price_per_unit": "pro 1.2kg | 100g = 3.25 CHF", "breadcrumb": "Sortiment > Sortiment > Aptamil Pronutra 1 Anfangsmilch", "pdp_url": "https://sortiment.lidl.ch/de/aptamil-pronutra-1-anfangsmilch-1800546", "product_description": "Artikelnr.: 1800546"}
{"product_name": "Aptamil Pronutra Pre Anfangsmilch", "brand": "", "regular_price": 38.99, "selling_price": 38.99, "price_per_unit": "pro 1.2kg | 100g = 3.25 CHF", "breadcrumb": "Sortiment > Sortiment > Aptamil Pronutra Pre Anfangsmilch", "pdp_url": "https://sortiment.lidl.ch/de/aptamil-pronutra-pre-anfangsmilch-1800545", "product_description": "Artikelnr.: 1800545"}
{"product_name": "Tomatenketchup hot", "brand": "kania", "regular_price": 1.59, "selling_price": 1.59, "price_per_unit": "pro 500ml | 100ML = 0.32 CHF", "breadcrumb": "Sortiment > Sortiment > Tomatenketchup hot", "pdp_url": "https://sortiment.lidl.ch/de/tomatenketchup-hot-0202080", "product_description": "Artikelnr.: 202080"}
{"product_name": "Kosmetiktücher", "brand": "cien", "regular_price": 1.09, "selling_price": 1.09, "price_per_unit": "pro 200 Stück | 1 Stk = 0.01 CHF", "breadcrumb": "Sortiment > Sortiment > Kosmetiktücher", "pdp_url": "https://sortiment.lidl.ch/de/kosmetiktuecher-0191225", "product_description": "Artikelnr.: 191225"}
{"product_name": "Sojasauce", "brand": "kania", "regular_price": 1.09, "selling_price": 1.09, "price_per_unit": "pro 150ml | 1L = 7.27 CHF", "breadcrumb": "Sortiment > Sortiment > Sojasauce", "pdp_url": "https://sortiment.lidl.ch/de/sojasauce-0217321", "product_description": "Artikelnr.: 217321"}
{"product_name": "Vollmilch 3.5% UHT", "brand": "milbona", "regular_price": 1.65, "selling_price": 1.65, "price_per_unit": "pro 1000ml |", "breadcrumb": "Sortiment > Sortiment > Vollmilch 3.5% UHT", "pdp_url": "https://sortiment.lidl.ch/de/vollmilch-3-5-uht-5112045", "product_description": "Artikelnr.: 5112045"}
{"product_name": "Pinsa", "brand": "", "regular_price": 2.79, "selling_price": 2.19, "price_per_unit": "pro 230g | 100g = 0.96 CHF", "breadcrumb": "Sortiment > Sortiment > Pinsa", "pdp_url": "https://sortiment.lidl.ch/de/pinsa-6016371", "product_description": "Artikelnr.: 6016371"}
{"product_name": "Vollkornbrot in Scheiben", "brand": "", "regular_price": 1.49, "selling_price": 1.19, "price_per_unit": "pro 400g | 100g = 0.30 CHF", "breadcrumb": "Sortiment > Sortiment > Vollkornbrot in Scheiben", "pdp_url": "https://sortiment.lidl.ch/de/vollkornbrot-in-scheiben-6000927", "product_description": "Artikelnr.: 6000927"}
{"product_name": "Schokowolken", "brand": "chocarre_suisse", "regular_price": 3.49, "selling_price": 3.49, "price_per_unit": "pro 150g | 100g = 2.33 CHF", "breadcrumb": "Sortiment > Sortiment > Schokowolken", "pdp_url": "https://sortiment.lidl.ch/de/schokowolken-5111956", "product_description": "Artikelnr.: 5111956"}
{"product_name": "Cereal Balls", "brand": "chocarre_suisse", "regular_price": 2.99, "selling_price": 2.99, "price_per_unit": "pro 100g |", "breadcrumb": "Sortiment > Sortiment > Cereal Balls", "pdp_url": "https://sortiment.lidl.ch/de/cereal-balls-5111947", "product_description": "Artikelnr.: 5111947"}
{"product_name": "Kartoffeln mehligkochend 2.5kg", "brand": "", "regular_price": 3.29, "selling_price": 3.29, "price_per_unit": "pro 2,5kg |", "breadcrumb": "Sortiment > Sortiment > Kartoffeln mehligkochend 2.5kg", "pdp_url": "https://sortiment.lidl.ch/de/kartoffeln-mehligkochend-2-5kg-0083275", "product_description": "Artikelnr.: 83275"}
{"product_name": "Hirschsalsiz mit Kürbiskernen", "brand": "dulano", "regular_price": 4.49, "selling_price": 4.49, "price_per_unit": "pro 100g |", "breadcrumb": "Sortiment > Sortiment > Hirschsalsiz mit Kürbiskernen", "pdp_url": "https://sortiment.lidl.ch/de/hirschsalsiz-mit-kuerbiskernen-5112843", "product_description": "Artikelnr.: 5112843"}
{"product_name": "Wildschweinwürstli", "brand": "dulano", "regular_price": 4.99, "selling_price": 4.99, "price_per_unit": "pro 88g | 100g = 5.68 CHF", "breadcrumb": "Sortiment > Sortiment > Wildschweinwürstli", "pdp_url": "https://sortiment.lidl.ch/de/wildschweinwuerstli-5112844", "product_description": "Artikelnr.: 5112844"}
{"product_name": "Weissbrot in Scheiben", "brand": "", "regular_price": 1.49, "selling_price": 1.19, "price_per_unit": "pro 400g | 100g = 0.30 CHF", "breadcrumb": "Sortiment > Sortiment > Weissbrot in Scheiben", "pdp_url": "https://sortiment.lidl.ch/de/weissbrot-in-scheiben-6000926", "product_description": "Artikelnr.: 6000926"}
{"product_name": "Mürbeteigkekse mit Milch und Reismehl", "brand": "", "regular_price": 3.95, "selling_price": 2.99, "price_per_unit": "pro 700g | 100g = 0.43 CHF", "breadcrumb": "Sortiment > Sortiment > Mürbeteigkekse mit Milch und Reismehl", "pdp_url": "https://sortiment.lidl.ch/de/muerbeteigkekse-mit-milch-und-reismehl-6008309", "product_description": "Artikelnr.: 6008309"}
{"product_name": "Colossus Energy Drink", "brand": "kong_strong", "regular_price": 0.99, "selling_price": 0.99, "price_per_unit": "pro 0,5l | 100ML = 0.20 CHF", "breadcrumb": "Sortiment > Sortiment > Colossus Energy Drink", "pdp_url": "https://sortiment.lidl.ch/de/colossus-energy-drink-0123681", "product_description": "Artikelnr.: 123681"}
{"product_name": "Caffo Vecchio Amaro del Capo Liquore", "brand": "", "regular_price": 25.89, "selling_price": 25.89, "price_per_unit": "pro 0,7l | 1L = 36.99 CHF", "breadcrumb": "Sortiment > Sortiment > Caffo Vecchio Amaro del Capo Liquore", "pdp_url": "https://sortiment.lidl.ch/de/caffo-vecchio-amaro-del-capo-liquore-5113014", "product_description": "Artikelnr.: 5113014"}
{"product_name": "Toast -Sandwiches", "brand": "select_go", "regular_price": 2.99, "selling_price": 2.39, "price_per_unit": "pro 160g | 100g = 1.50 CHF", "breadcrumb": "Sortiment > Sortiment > Toast -Sandwiches", "pdp_url": "https://sortiment.lidl.ch/de/toast-sandwiches-6002367", "product_description": "Artikelnr.: 6002367"}
{"product_name": "Girasoli / Ravioli", "brand": "", "regular_price": 2.49, "selling_price": 1.99, "price_per_unit": "pro 250g | 100g = 0.80 CHF", "breadcrumb": "Sortiment > Sortiment > Girasoli / Ravioli", "pdp_url": "https://sortiment.lidl.ch/de/girasoli-ravioli-6018166", "product_description": "Artikelnr.: 6018166"}
{"product_name": "Tortellini mit Fleisch", "brand": "", "regular_price": 2.49, "selling_price": 1.99, "price_per_unit": "pro 250g | 100g = 0.80 CHF", "breadcrumb": "Sortiment > Sortiment > Tortellini mit Fleisch", "pdp_url": "https://sortiment.lidl.ch/de/tortellini-mit-fleisch-6015694", "product_description": "Artikelnr.: 6015694"}
{"product_name": "Girasoli", "brand": "", "regular_price": 2.49, "selling_price": 1.99, "price_per_unit": "pro 250g | 100g = 0.80 CHF", "breadcrumb": "Sortiment > Sortiment > Girasoli", "pdp_url": "https://sortiment.lidl.ch/de/girasoli-6009904", "product_description": "Artikelnr.: 6009904"}
{"product_name": "Girasoli", "brand": "", "regular_price": 2.49, "selling_price": 1.99, "price_per_unit": "pro 250g | 100g = 0.80 CHF", "breadcrumb": "Sortiment > Sortiment > Girasoli", "pdp_url": "https://sortiment.lidl.ch/de/girasoli-6009903", "product_description": "Artikelnr.: 6009903"}
{"product_name": "Lasagne Blätter", "brand": "", "regular_price": 1.99, "selling_price": 1.59, "price_per_unit": "pro 250g | 100g = 0.64 CHF", "breadcrumb": "Sortiment > Sortiment > Lasagne Blätter", "pdp_url": "https://sortiment.lidl.ch/de/lasagne-blaetter-6004917", "product_description": "Artikelnr.: 6004917"}
{"product_name": "Gnocchi gefüllt", "brand": "", "regular_price": 2.95, "selling_price": 2.35, "price_per_unit": "pro 400g | 100g = 0.59 CHF", "breadcrumb": "Sortiment > Sortiment > Gnocchi gefüllt", "pdp_url": "https://sortiment.lidl.ch/de/gnocchi-gefuellt-6003848", "product_description": "Artikelnr.: 6003848"}
{"product_name": "Gnocchi", "brand": "", "regular_price": 2.95, "selling_price": 2.35, "price_per_unit": "pro 1kg |", "breadcrumb": "Sortiment > Sortiment > Gnocchi", "pdp_url": "https://sortiment.lidl.ch/de/gnocchi-6002441", "product_description": "Artikelnr.: 6002441"}
{"product_name": "Trofie", "brand": "", "regular_price": 1.99, "selling_price": 1.59, "price_per_unit": "pro 500g | 100g = 0.32 CHF", "breadcrumb": "Sortiment > Sortiment > Trofie", "pdp_url": "https://sortiment.lidl.ch/de/trofie-6001881", "product_description": "Artikelnr.: 6001881"}
{"product_name": "Orecchiette", "brand": "", "regular_price": 1.99, "selling_price": 1.59, "price_per_unit": "pro 500g | 100g = 0.32 CHF", "breadcrumb": "Sortiment > Sortiment > Orecchiette", "pdp_url": "https://sortiment.lidl.ch/de/orecchiette-6001878", "product_description": "Artikelnr.: 6001878"}
{"product_name": "Kleine gnocchi", "brand": "", "regular_price": 2.49, "selling_price": 1.99, "price_per_unit": "pro 500g | 100g = 0.40 CHF", "breadcrumb": "Sortiment > Sortiment > Kleine gnocchi", "pdp_url": "https://sortiment.lidl.ch/de/kleine-gnocchi-6001610", "product_description": "Artikelnr.: 6001610"}
{"product_name": "Tagliolini / Bigolini", "brand": "", "regular_price": 0.89, "selling_price": 0.69, "price_per_unit": "pro 250g | 100g = 0.28 CHF", "breadcrumb": "Sortiment > Sortiment > Tagliolini / Bigolini", "pdp_url": "https://sortiment.lidl.ch/de/tagliolini-bigolini-6000204", "product_description": "Artikelnr.: 6000204"}
{"product_name": "Tagliatelle / Pappardelle", "brand": "", "regular_price": 0.89, "selling_price": 0.69, "price_per_unit": "pro 250g | 100g = 0.28 CHF", "breadcrumb": "Sortiment > Sortiment > Tagliatelle / Pappardelle", "pdp_url": "https://sortiment.lidl.ch/de/tagliatelle-pappardelle-6000203", "product_description": "Artikelnr.: 6000203"}
{"product_name": "Asiago Käse DOP", "brand": "italiamo", "regular_price": 5.99, "selling_price": 4.79, "price_per_unit": "pro 400g | 100g = 1.20 CHF", "breadcrumb": "Sortiment > Sortiment > Asiago Käse DOP", "pdp_url": "https://sortiment.lidl.ch/de/asiago-kaese-dop-6000111", "product_description": "Artikelnr.: 6000111"}
{"product_name": "Prosciutto Cotto 2% Fett", "brand": "", "regular_price": 4.49, "selling_price": 3.29, "price_per_unit": "pro 120g | 1Kg = 27.42 CHF", "breadcrumb": "Sortiment > Sortiment > Prosciutto Cotto 2% Fett", "pdp_url": "https://sortiment.lidl.ch/de/prosciutto-cotto-2-fett-0099241", "product_description": "Artikelnr.: 99241"}
{"product_name": "Dolcezze quotidiane croissant gezuckert", "brand": "", "regular_price": 4.99, "selling_price": 3.99, "price_per_unit": "pro 300g | 100g = 1.33 CHF", "breadcrumb": "Sortiment > Sortiment > Dolcezze quotidiane croissant gezuckert", "pdp_url": "https://sortiment.lidl.ch/de/dolcezze-quotidiane-croissant-gezuckert-6009678", "product_description": "Artikelnr.: 6009678"}
{"product_name": "Ferrero Kinder PaneCioc", "brand": "", "regular_price": 4.99, "selling_price": 3.99, "price_per_unit": "pro 290g | 100g = 1.38 CHF", "breadcrumb": "Sortiment > Sortiment > Ferrero Kinder PaneCioc", "pdp_url": "https://sortiment.lidl.ch/de/ferrero-kinder-panecioc-5112986", "product_description": "Artikelnr.: 5112986"}
{"product_name": "Ferrero Kinder Colazione Più", "brand": "", "regular_price": 4.99, "selling_price": 3.99, "price_per_unit": "pro 290g | 100g = 1.38 CHF", "breadcrumb": "Sortiment > Sortiment > Ferrero Kinder Colazione Più", "pdp_url": "https://sortiment.lidl.ch/de/ferrero-kinder-colazione-piu-5112985", "product_description": "Artikelnr.: 5112985"}
{"product_name": "Ferrero Kinder Brioss Latte e Cacao", "brand": "", "regular_price": 4.19, "selling_price": 3.35, "price_per_unit": "pro 270g | 100g = 1.25 CHF", "breadcrumb": "Sortiment > Sortiment > Ferrero Kinder Brioss Latte e Cacao", "pdp_url": "https://sortiment.lidl.ch/de/ferrero-kinder-brioss-latte-e-cacao-5112984", "product_description": "Artikelnr.: 5112984"}
{"product_name": "Weizentoast ohne Rand", "brand": "", "regular_price": 2.99, "selling_price": 2.39, "price_per_unit": "pro 400g | 100g = 0.60 CHF", "breadcrumb": "Sortiment > Sortiment > Weizentoast ohne Rand", "pdp_url": "https://sortiment.lidl.ch/de/weizentoast-ohne-rand-6006937", "product_description": "Artikelnr.: 6006937"}
{"product_name": "Fladenbrot", "brand": "italiamo", "regular_price": 1.99, "selling_price": 1.49, "price_per_unit": "pro 390g | 100g = 0.39 CHF", "breadcrumb": "Sortiment > Sortiment > Fladenbrot", "pdp_url": "https://sortiment.lidl.ch/de/fladenbrot-6003971", "product_description": "Artikelnr.: 6003971"}
{"product_name": "Mürbeteigkekse mit Schokoladentropfen", "brand": "", "regular_price": 3.95, "selling_price": 2.99, "price_per_unit": "pro 700g | 100g = 0.43 CHF", "breadcrumb": "Sortiment > Sortiment > Mürbeteigkekse mit Schokoladentropfen", "pdp_url": "https://sortiment.lidl.ch/de/muerbeteigkekse-mit-schokoladentropfen-6008347", "product_description": "Artikelnr.: 6008347"}
{"product_name": "Mürbeteigkekse mit Rahm", "brand": "", "regular_price": 3.95, "selling_price": 2.99, "price_per_unit": "pro 700g | 100g = 0.43 CHF", "breadcrumb": "Sortiment > Sortiment > Mürbeteigkekse mit Rahm", "pdp_url": "https://sortiment.lidl.ch/de/muerbeteigkekse-mit-rahm-6008343", "product_description": "Artikelnr.: 6008343"}
{"product_name": "Powerade Mountain Blast", "brand": "", "regular_price": 2.69, "selling_price": 2.69, "price_per_unit": "pro 0,5l | 1L = 5.38 CHF", "breadcrumb": "Sortiment > Sortiment > Powerade Mountain Blast", "pdp_url": "https://sortiment.lidl.ch/de/powerade-mountain-blast-0001822", "product_description": "Artikelnr.: 1822"}
{"product_name": "Solomania Dörrbohnen", "brand": "", "regular_price": 4.79, "selling_price": 4.79, "price_per_unit": "pro 100g |", "breadcrumb": "Sortiment > Sortiment > Solomania Dörrbohnen", "pdp_url": "https://sortiment.lidl.ch/de/solomania-doerrbohnen-5103950", "product_description": "Artikelnr.: 5103950"}
{"product_name": "Manitoba Weizenmehl", "brand": "belbake", "regular_price": 1.99, "selling_price": 1.55, "price_per_unit": "pro 1kg |", "breadcrumb": "Sortiment > Sortiment > Manitoba Weizenmehl", "pdp_url": "https://sortiment.lidl.ch/de/manitoba-weizenmehl-6013782", "product_description": "Artikelnr.: 6013782"}
{"product_name": "Toblerone", "brand": "", "regular_price": 2.85, "selling_price": 2.85, "price_per_unit": "pro 100g |", "breadcrumb": "Sortiment > Sortiment > Toblerone", "pdp_url": "https://sortiment.lidl.ch/de/toblerone-1800549", "product_description": "Artikelnr.: 1800549"}
{"product_name": "Buchstabensuppe", "brand": "kania", "regular_price": 0.45, "selling_price": 0.45, "price_per_unit": "pro 75g | 100g = 0.60 CHF", "breadcrumb": "Sortiment > Sortiment > Buchstabensuppe", "pdp_url": "https://sortiment.lidl.ch/de/buchstabensuppe-0201843", "product_description": "Artikelnr.: 201843"}
{"product_name": "Schweizer Rhabarber", "brand": "freshona", "regular_price": 3.49, "selling_price": 3.49, "price_per_unit": "pro 600g | 100g = 0.59 CHF", "breadcrumb": "Sortiment > Sortiment > Schweizer Rhabarber", "pdp_url": "https://sortiment.lidl.ch/de/schweizer-rhabarber-5112447", "product_description": "Artikelnr.: 5112447"}
{"product_name": "Schweizer Kürbiswürfel", "brand": "freshona", "regular_price": 2.99, "selling_price": 2.99, "price_per_unit": "pro 400g | 100g = 0.75 CHF", "breadcrumb": "Sortiment > Sortiment > Schweizer Kürbiswürfel", "pdp_url": "https://sortiment.lidl.ch/de/schweizer-kuerbiswuerfel-5112446", "product_description": "Artikelnr.: 5112446"}
{"product_name": "Bodylotion", "brand": "cien", "regular_price": 1.99, "selling_price": 1.99, "price_per_unit": "pro 500ml | 100ML = 0.40 CHF", "breadcrumb": "Sortiment > Sortiment > Bodylotion", "pdp_url": "https://sortiment.lidl.ch/de/bodylotion-0039910", "product_description": "Artikelnr.: 39910"}
{"product_name": "Wattestäbchen", "brand": "cien", "regular_price": 1.19, "selling_price": 1.19, "price_per_unit": "pro 400 Stück | 1 Stk = 0.01 CHF", "breadcrumb": "Sortiment > Sortiment > Wattestäbchen", "pdp_url": "https://sortiment.lidl.ch/de/wattestaebchen-0202132", "product_description": "Artikelnr.: 202132"}
{"product_name": "Meat Balls Poulet / Beef", "brand": "chef_select", "regular_price": 11.95, "selling_price": 11.95, "price_per_unit": "pro 750g | 100g = 1.60 CHF", "breadcrumb": "Sortiment > Sortiment > Meat Balls Poulet / Beef", "pdp_url": "https://sortiment.lidl.ch/de/meat-balls-poulet-beef-5112234", "product_description": "Artikelnr.: 5112234"}
{"product_name": "Blumenkohl & Broccoli Mix", "brand": "", "regular_price": 2.99, "selling_price": 2.99, "price_per_unit": "pro 400g | 100g = 0.75 CHF", "breadcrumb": "Sortiment > Sortiment > Blumenkohl & Broccoli Mix", "pdp_url": "https://sortiment.lidl.ch/de/blumenkohl-broccoli-mix-0082887", "product_description": "Artikelnr.: 82887"}
{"product_name": "Italienische Haselnüsse", "brand": "", "regular_price": 2.99, "selling_price": 2.99, "price_per_unit": "pro 200g | 100g = 1.50 CHF", "breadcrumb": "Sortiment > Sortiment > Italienische Haselnüsse", "pdp_url": "https://sortiment.lidl.ch/de/italienische-haselnuesse-0146858", "product_description": "Artikelnr.: 146858"}
{"product_name": "Frucht Cocktail", "brand": "freshona", "regular_price": 1.25, "selling_price": 1.25, "price_per_unit": "pro 250g (Abtropfgewicht) | 100g = 0.50 CHF", "breadcrumb": "Sortiment > Sortiment > Frucht Cocktail", "pdp_url": "https://sortiment.lidl.ch/de/frucht-cocktail-0160703", "product_description": "Artikelnr.: 160703"}
{"product_name": "Bratensauce Paste", "brand": "kania", "regular_price": 2.49, "selling_price": 2.49, "price_per_unit": "pro 150g | 100g = 1.66 CHF", "breadcrumb": "Sortiment > Sortiment > Bratensauce Paste", "pdp_url": "https://sortiment.lidl.ch/de/bratensauce-paste-0201111", "product_description": "Artikelnr.: 201111"}
{"product_name": "Grana Padano DOP", "brand": "milbona", "regular_price": 2.99, "selling_price": 2.99, "price_per_unit": "pro 200g | 100g = 1.50 CHF", "breadcrumb": "Sortiment > Sortiment > Grana Padano DOP", "pdp_url": "https://sortiment.lidl.ch/de/grana-padano-dop-6000470", "product_description": "Artikelnr.: 6000470"}
{"product_name": "Cornichons", "brand": "freshona", "regular_price": 1.79, "selling_price": 1.79, "price_per_unit": "pro 370g Abtropfgewicht | 100g = 0.49 CHF", "breadcrumb": "Sortiment > Sortiment > Cornichons", "pdp_url": "https://sortiment.lidl.ch/de/cornichons-0028374", "product_description": "Artikelnr.: 28374"}
{"product_name": "Haribo Tropi Frutti, Cherries, Cola", "brand": "haribo", "regular_price": 1.99, "selling_price": 1.99, "price_per_unit": "pro 300g | 100g = 0.67 CHF", "breadcrumb": "Sortiment > Sortiment > Haribo Tropi Frutti, Cherries, Cola", "pdp_url": "https://sortiment.lidl.ch/de/haribo-tropi-frutti-cherries-cola-1800436", "product_description": "Artikelnr.: 1800436 *Konkurrenzvergleich:  20.08.2024"}
{"product_name": "Tessiner Polenta", "brand": "", "regular_price": 4.55, "selling_price": 3.59, "price_per_unit": "pro 1kg |", "breadcrumb": "Sortiment > Sortiment > Tessiner Polenta", "pdp_url": "https://sortiment.lidl.ch/de/tessiner-polenta-5113008", "product_description": "Artikelnr.: 5113008"}
{"product_name": "Yogi Tea Bio Tee", "brand": "", "regular_price": 4.29, "selling_price": 4.29, "price_per_unit": "pro 17 Stück | 1 Stk = 0.26 CHF", "breadcrumb": "Sortiment > Sortiment > Yogi Tea Bio Tee", "pdp_url": "https://sortiment.lidl.ch/de/yogi-tea-bio-tee-5112774", "product_description": "Artikelnr.: 5112774"}
{"product_name": "Kaffeekapseln Modena Lungo", "brand": "bellarom", "regular_price": 6.89, "selling_price": 6.89, "price_per_unit": "pro 44 Stück | 1 Stk = 0.16 CHF", "breadcrumb": "Sortiment > Sortiment > Kaffeekapseln Modena Lungo", "pdp_url": "https://sortiment.lidl.ch/de/kaffeekapseln-modena-lungo-0149953", "product_description": "Artikelnr.: 149953"}
{"product_name": "Monteravy", "brand": "milbona", "regular_price": 1.49, "selling_price": 1.49, "price_per_unit": "pro 6x50g | 100g = 0.50 CHF", "breadcrumb": "Sortiment > Sortiment > Monteravy", "pdp_url": "https://sortiment.lidl.ch/de/monteravy-0205569", "product_description": "Artikelnr.: 205569"}
{"product_name": "Nüsse-Früchte Mix", "brand": "", "regular_price": 2.79, "selling_price": 2.79, "price_per_unit": "pro 200g | 100g = 1.40 CHF", "breadcrumb": "Sortiment > Sortiment > Nüsse-Früchte Mix", "pdp_url": "https://sortiment.lidl.ch/de/nuesse-fruechte-mix-0183851", "product_description": "Artikelnr.: 183851"}
{"product_name": "Eier aus der Nordwestschweiz", "brand": "", "regular_price": 3.29, "selling_price": 3.29, "price_per_unit": "pro 6 Stück | 1 Stk = 0.55 CHF", "breadcrumb": "Sortiment > Sortiment > Eier aus der Nordwestschweiz", "pdp_url": "https://sortiment.lidl.ch/de/eier-aus-der-nordwestschweiz-5111995", "product_description": "Artikelnr.: 5111995"}
{"product_name": "Primitivo Puglia IGT", "brand": "", "regular_price": 9.95, "selling_price": 7.95, "price_per_unit": "pro 3l | 1L = 2.65 CHF", "breadcrumb": "Sortiment > Sortiment > Primitivo Puglia IGT", "pdp_url": "https://sortiment.lidl.ch/de/primitivo-puglia-igt-0201266", "product_description": "Artikelnr.: 201266"}
{"product_name": "Gouda gerieben", "brand": "milbona", "regular_price": 2.99, "selling_price": 2.99, "price_per_unit": "pro 250g | 100g = 1.20 CHF", "breadcrumb": "Sortiment > Sortiment > Gouda gerieben", "pdp_url": "https://sortiment.lidl.ch/de/gouda-gerieben-0122134", "product_description": "Artikelnr.: 122134"}
{"product_name": "Mozzarella Scheiben rund", "brand": "milbona", "regular_price": 2.49, "selling_price": 2.49, "price_per_unit": "pro 150g | 100g = 1.66 CHF", "breadcrumb": "Sortiment > Sortiment > Mozzarella Scheiben rund", "pdp_url": "https://sortiment.lidl.ch/de/mozzarella-scheiben-rund-0186823", "product_description": "Artikelnr.: 186823"}
{"product_name": "Sheba Katzenfutter nass Fresh & Fine", "brand": "", "regular_price": 9.99, "selling_price": 9.99, "price_per_unit": "pro 15x50g | 100g = 1.34 CHF", "breadcrumb": "Sortiment > Sortiment > Sheba Katzenfutter nass Fresh & Fine", "pdp_url": "https://sortiment.lidl.ch/de/sheba-katzenfutter-nass-fresh-fine-0192901", "product_description": "Artikelnr.: 192901"}
{"product_name": "Protein Creamy Bar", "brand": "", "regular_price": 1.69, "selling_price": 1.69, "price_per_unit": "pro 40g | 100g = 4.23 CHF", "breadcrumb": "Sortiment > Sortiment > Protein Creamy Bar", "pdp_url": "https://sortiment.lidl.ch/de/protein-creamy-bar-7715083", "product_description": "Artikelnr.: 7715083"}
{"product_name": "Alu-Kaffeekapseln Cremoso", "brand": "bellarom", "regular_price": 3.95, "selling_price": 3.95, "price_per_unit": "pro 20 Stück |", "breadcrumb": "Sortiment > Sortiment > Alu-Kaffeekapseln Cremoso", "pdp_url": "https://sortiment.lidl.ch/de/alu-kaffeekapseln-cremoso-0176126", "product_description": "Artikelnr.: 176126"}
{"product_name": "Grischuna Rohschinken Clean Label", "brand": "", "regular_price": 4.49, "selling_price": 4.49, "price_per_unit": "pro 100g |", "breadcrumb": "Sortiment > Sortiment > Grischuna Rohschinken Clean Label", "pdp_url": "https://sortiment.lidl.ch/de/grischuna-rohschinken-clean-label-5112075", "product_description": "Artikelnr.: 5112075"}
{"product_name": "Stracciatella-Käse", "brand": "italiamo", "regular_price": 2.99, "selling_price": 2.39, "price_per_unit": "pro 200g | 100g = 1.20 CHF", "breadcrumb": "Sortiment > Sortiment > Stracciatella-Käse", "pdp_url": "https://sortiment.lidl.ch/de/stracciatella-kaese-6003128", "product_description": "Artikelnr.: 6003128"}
{"product_name": "Joghurt Nur 3 Zutaten", "brand": "milbona", "regular_price": 0.75, "selling_price": 0.75, "price_per_unit": "pro 150g | 100g = 0.50 CHF", "breadcrumb": "Sortiment > Sortiment > Joghurt Nur 3 Zutaten", "pdp_url": "https://sortiment.lidl.ch/de/joghurt-nur-3-zutaten-0168038", "product_description": "Artikelnr.: 168038"}
{"product_name": "Emmi Caffé Latte double zero", "brand": "emmi", "regular_price": 2.39, "selling_price": 2.39, "price_per_unit": "pro 230ml | 1L = 10.40 CHF", "breadcrumb": "Sortiment > Sortiment > Emmi Caffé Latte double zero", "pdp_url": "https://sortiment.lidl.ch/de/emmi-caffe-latte-double-zero-0189724", "product_description": "Artikelnr.: 189724"}
{"product_name": "Milchdrink", "brand": "milbona", "regular_price": 1.29, "selling_price": 1.29, "price_per_unit": "pro 500ml | 1L = 2.58 CHF", "breadcrumb": "Sortiment > Sortiment > Milchdrink", "pdp_url": "https://sortiment.lidl.ch/de/milchdrink-0131186", "product_description": "Artikelnr.: 131186"}
{"product_name": "Amaretto", "brand": "armilar", "regular_price": 8.45, "selling_price": 8.45, "price_per_unit": "pro 0,7l | 1L = 12.08 CHF", "breadcrumb": "Sortiment > Sortiment > Amaretto", "pdp_url": "https://sortiment.lidl.ch/de/amaretto-0197858", "product_description": "Artikelnr.: 197858"}
{"product_name": "Ovomaltine Ovo Break", "brand": "", "regular_price": 1.89, "selling_price": 1.89, "price_per_unit": "pro 39g | 100g = 4.85 CHF", "breadcrumb": "Sortiment > Sortiment > Ovomaltine Ovo Break", "pdp_url": "https://sortiment.lidl.ch/de/ovomaltine-ovo-break-5112884", "product_description": "Artikelnr.: 5112884"}
{"product_name": "Dreamies/Whiskas Katzensnack", "brand": "", "regular_price": 6.69, "selling_price": 6.69, "price_per_unit": "pro 180g | 100g = 3.72 CHF", "breadcrumb": "Sortiment > Sortiment > Dreamies/Whiskas Katzensnack", "pdp_url": "https://sortiment.lidl.ch/de/dreamies-whiskas-katzensnack-0192889", "product_description": "Artikelnr.: 192889"}
{"product_name": "Vitte lMineralwasser still", "brand": "", "regular_price": 1.15, "selling_price": 1.15, "price_per_unit": "pro 1,5l | 1L = 0.77 CHF", "breadcrumb": "Sortiment > Sortiment > Vitte lMineralwasser still", "pdp_url": "https://sortiment.lidl.ch/de/vitte-lmineralwasser-still-1800508", "product_description": "Artikelnr.: 1800508"}
{"product_name": "frische Tortelloni", "brand": "chef_select", "regular_price": 1.79, "selling_price": 1.79, "price_per_unit": "pro 400g | 100g = 0.45 CHF", "breadcrumb": "Sortiment > Sortiment > frische Tortelloni", "pdp_url": "https://sortiment.lidl.ch/de/frische-tortelloni-0219279", "product_description": "Artikelnr.: 219279"}
{"product_name": "Milchdrink 1.5% UHT", "brand": "milbona", "regular_price": 1.49, "selling_price": 1.49, "price_per_unit": "pro 1000ml |", "breadcrumb": "Sortiment > Sortiment > Milchdrink 1.5% UHT", "pdp_url": "https://sortiment.lidl.ch/de/milchdrink-1-5-uht-5112041", "product_description": "Artikelnr.: 5112041"}
{"product_name": "Focus Water Active", "brand": "", "regular_price": 11.95, "selling_price": 11.95, "price_per_unit": "pro 6x0,5l | 1L = 3.99 CHF", "breadcrumb": "Sortiment > Sortiment > Focus Water Active", "pdp_url": "https://sortiment.lidl.ch/de/focus-water-active-5106969", "product_description": "Artikelnr.: 5106969 *Konkurrenzvergleich:  31.07.2024"}
{"product_name": "Focus Water Care Pink Ribbon", "brand": "", "regular_price": 11.95, "selling_price": 11.95, "price_per_unit": "pro 6x0,5l | 1L = 3.99 CHF", "breadcrumb": "Sortiment > Sortiment > Focus Water Care Pink Ribbon", "pdp_url": "https://sortiment.lidl.ch/de/focus-water-care-pink-ribbon-5106971", "product_description": "Artikelnr.: 5106971 *Konkurrenzvergleich:  31.07.2024"}
{"product_name": "Feldschlösschen Bier Pils", "brand": "feldschlosschen", "regular_price": 11.95, "selling_price": 8.95, "price_per_unit": "pro 6x0,5l | 1L = 2.99 CHF", "breadcrumb": "Sortiment > Sortiment > Feldschlösschen Bier Pils", "pdp_url": "https://sortiment.lidl.ch/de/feldschloesschen-bier-pils-5112519", "product_description": "Artikelnr.: 5112519"}
{"product_name": "London Dry Gin Five Botanicals", "brand": "", "regular_price": 15.99, "selling_price": 15.99, "price_per_unit": "pro 0,7l | 1L = 22.85 CHF", "breadcrumb": "Sortiment > Sortiment > London Dry Gin Five Botanicals", "pdp_url": "https://sortiment.lidl.ch/de/london-dry-gin-five-botanicals-0190540", "product_description": "Artikelnr.: 190540"}
{"product_name": "eloon Nasenspray Meerwasser", "brand": "", "regular_price": 3.95, "selling_price": 3.95, "price_per_unit": "pro 20ml | 1L = 197.50 CHF", "breadcrumb": "Sortiment > Sortiment > eloon Nasenspray Meerwasser", "pdp_url": "https://sortiment.lidl.ch/de/eloon-nasenspray-meerwasser-5109750", "product_description": "Artikelnr.: 5109750"}
{"product_name": "MSC Weisser Thunfisch", "brand": "nixe", "regular_price": 2.59, "selling_price": 2.59, "price_per_unit": "pro 200g | 100g = 1.30 CHF", "breadcrumb": "Sortiment > Sortiment > MSC Weisser Thunfisch", "pdp_url": "https://sortiment.lidl.ch/de/msc-weisser-thunfisch-0193805", "product_description": "Artikelnr.: 193805"}
{"product_name": "MSC Thunfisch in Sonnenblumenöl", "brand": "nixe", "regular_price": 1.55, "selling_price": 1.55, "price_per_unit": "pro 160g Abtropfgewicht | 100g = 0.97 CHF", "breadcrumb": "Sortiment > Sortiment > MSC Thunfisch in Sonnenblumenöl", "pdp_url": "https://sortiment.lidl.ch/de/msc-thunfisch-in-sonnenblumenoel-0138477", "product_description": "Artikelnr.: 138477"}
{"product_name": "Sabo Olivenöl Extra Vergine", "brand": "", "regular_price": 9.99, "selling_price": 7.99, "price_per_unit": "pro 1l |", "breadcrumb": "Sortiment > Sortiment > Sabo Olivenöl Extra Vergine", "pdp_url": "https://sortiment.lidl.ch/de/sabo-olivenoel-extra-vergine-5112649", "product_description": "Artikelnr.: 5112649"}
{"product_name": "Men Duschgel & Shampoo 3in1", "brand": "cien", "regular_price": 1.59, "selling_price": 1.59, "price_per_unit": "pro 400ml | 100ML = 0.40 CHF", "breadcrumb": "Sortiment > Sortiment > Men Duschgel & Shampoo 3in1", "pdp_url": "https://sortiment.lidl.ch/de/men-duschgel-shampoo-3in1-0210659", "product_description": "Artikelnr.: 210659"}
{"product_name": "Schweizer Pic-Nic Eier", "brand": "bio_organic", "regular_price": 3.95, "selling_price": 3.95, "price_per_unit": "pro 4 Stück | 1 Stk = 0.99 CHF", "breadcrumb": "Sortiment > Sortiment > Schweizer Pic-Nic Eier", "pdp_url": "https://sortiment.lidl.ch/de/schweizer-pic-nic-eier-5111998", "product_description": "Artikelnr.: 5111998"}
{"product_name": "Reese's Minis Peanut Butter Cups", "brand": "", "regular_price": 3.89, "selling_price": 3.89, "price_per_unit": "pro 90g | 100g = 4.33 CHF", "breadcrumb": "Sortiment > Sortiment > Reese's Minis Peanut Butter Cups", "pdp_url": "https://sortiment.lidl.ch/de/reese-s-minis-peanut-butter-cups-5111893", "product_description": "Artikelnr.: 5111893"}
{"product_name": "ASC White Tiger Crevetten", "brand": "fishers_choice", "regular_price": 3.99, "selling_price": 3.99, "price_per_unit": "pro 150g | 100g = 2.66 CHF", "breadcrumb": "Sortiment > Sortiment > ASC White Tiger Crevetten", "pdp_url": "https://sortiment.lidl.ch/de/asc-white-tiger-crevetten-0172556", "product_description": "Artikelnr.: 172556"}
{"product_name": "Pouletbrust paniert", "brand": "chef_select", "regular_price": 12.99, "selling_price": 12.99, "price_per_unit": "pro 1000g |", "breadcrumb": "Sortiment > Sortiment > Pouletbrust paniert", "pdp_url": "https://sortiment.lidl.ch/de/pouletbrust-paniert-5112227", "product_description": "Artikelnr.: 5112227"}
{"product_name": "Babyfeuchttücher sensitiv", "brand": "lupilu", "regular_price": 4.99, "selling_price": 4.99, "price_per_unit": "pro 4x80 Stück | 1 Stk = 0.02 CHF", "breadcrumb": "Sortiment > Sortiment > Babyfeuchttücher sensitiv", "pdp_url": "https://sortiment.lidl.ch/de/babyfeuchttuecher-sensitiv-0133438", "product_description": "Artikelnr.: 133438"}
{"product_name": "Hygiene-Einlage normal", "brand": "siempre", "regular_price": 2.49, "selling_price": 2.49, "price_per_unit": "pro 28 Stück | 1 Stk = 0.09 CHF", "breadcrumb": "Sortiment > Sortiment > Hygiene-Einlage normal", "pdp_url": "https://sortiment.lidl.ch/de/hygiene-einlage-normal-0195191", "product_description": "Artikelnr.: 195191"}
{"product_name": "Fruchtgummi", "brand": "sweet_corner", "regular_price": 0.99, "selling_price": 0.99, "price_per_unit": "pro 200g | 100g = 0.50 CHF", "breadcrumb": "Sortiment > Sortiment > Fruchtgummi", "pdp_url": "https://sortiment.lidl.ch/de/fruchtgummi-0192518", "product_description": "Artikelnr.: 192518"}
{"product_name": "Zinfandel Rosé", "brand": "cimarosa", "regular_price": 4.49, "selling_price": 4.49, "price_per_unit": "pro 0,75l | 100ML = 0.60 CHF", "breadcrumb": "Sortiment > Sortiment > Zinfandel Rosé", "pdp_url": "https://sortiment.lidl.ch/de/zinfandel-rose-0206816", "product_description": "Artikelnr.: 206816"}
{"product_name": "Bio Mini Mozz. di Bufala DOP", "brand": "milbona", "regular_price": 2.99, "selling_price": 2.99, "price_per_unit": "pro 125g | 100g = 2.40 CHF", "breadcrumb": "Sortiment > Sortiment > Bio Mini Mozz. di Bufala DOP", "pdp_url": "https://sortiment.lidl.ch/de/bio-mini-mozz-di-bufala-dop-6017327", "product_description": "Artikelnr.: 6017327"}
{"product_name": "Bio Haferdrink", "brand": "vemondo", "regular_price": 1.75, "selling_price": 1.75, "price_per_unit": "pro 1l |", "breadcrumb": "Sortiment > Sortiment > Bio Haferdrink", "pdp_url": "https://sortiment.lidl.ch/de/bio-haferdrink-0202535", "product_description": "Artikelnr.: 202535"}
{"product_name": "Bürger Schwäbische Maultaschen", "brand": "", "regular_price": 2.99, "selling_price": 2.99, "price_per_unit": "pro 360g | 100g = 0.84 CHF", "breadcrumb": "Sortiment > Sortiment > Bürger Schwäbische Maultaschen", "pdp_url": "https://sortiment.lidl.ch/de/buerger-schwaebische-maultaschen-7701090", "product_description": "Artikelnr.: 7701090"}
{"product_name": "Guacamole", "brand": "chef_select", "regular_price": 2.39, "selling_price": 2.39, "price_per_unit": "pro 150g | 100g = 1.60 CHF", "breadcrumb": "Sortiment > Sortiment > Guacamole", "pdp_url": "https://sortiment.lidl.ch/de/guacamole-0201024", "product_description": "Artikelnr.: 201024"}
{"product_name": "Mascarpone e Gorgonzola", "brand": "italiamo", "regular_price": 3.99, "selling_price": 3.19, "price_per_unit": "pro 200g | 100g = 1.60 CHF", "breadcrumb": "Sortiment > Sortiment > Mascarpone e Gorgonzola", "pdp_url": "https://sortiment.lidl.ch/de/mascarpone-e-gorgonzola-6000496", "product_description": "Artikelnr.: 6000496"}
{"product_name": "Bio Ginger Shot Mango-Lime", "brand": "solevita", "regular_price": 1.69, "selling_price": 1.69, "price_per_unit": "pro 150ml | 100ML = 1.13 CHF", "breadcrumb": "Sortiment > Sortiment > Bio Ginger Shot Mango-Lime", "pdp_url": "https://sortiment.lidl.ch/de/bio-ginger-shot-mango-lime-0186063", "product_description": "Artikelnr.: 186063"}
{"product_name": "Prosciutto Cotto alta qualità", "brand": "deluxe", "regular_price": 4.99, "selling_price": 4.99, "price_per_unit": "pro 90g | 100g = 5.55 CHF", "breadcrumb": "Sortiment > Sortiment > Prosciutto Cotto alta qualità", "pdp_url": "https://sortiment.lidl.ch/de/prosciutto-cotto-alta-qualit-5112420", "product_description": "Artikelnr.: 5112420"}
{"product_name": "Premium Eisbecher", "brand": "gelatelli", "regular_price": 3.99, "selling_price": 3.99, "price_per_unit": "pro 500ml | 100ML = 0.80 CHF", "breadcrumb": "Sortiment > Sortiment > Premium Eisbecher", "pdp_url": "https://sortiment.lidl.ch/de/premium-eisbecher-6612566", "product_description": "Artikelnr.: 6612566"}
{"product_name": "Hygiene-Einlage extra", "brand": "siempre", "regular_price": 2.49, "selling_price": 2.49, "price_per_unit": "pro 24 Stück | 1 Stk = 0.11 CHF", "breadcrumb": "Sortiment > Sortiment > Hygiene-Einlage extra", "pdp_url": "https://sortiment.lidl.ch/de/hygiene-einlage-extra-0195192", "product_description": "Artikelnr.: 195192"}
{"product_name": "Emmentaler AOP gerieben", "brand": "fromani", "regular_price": 3.59, "selling_price": 3.59, "price_per_unit": "pro 250g | 100g = 1.44 CHF", "breadcrumb": "Sortiment > Sortiment > Emmentaler AOP gerieben", "pdp_url": "https://sortiment.lidl.ch/de/emmentaler-aop-gerieben-5100550", "product_description": "Artikelnr.: 5100550"}
{"product_name": "Gruyère AOP gerieben", "brand": "fromani", "regular_price": 3.59, "selling_price": 3.59, "price_per_unit": "pro 250g | 100g = 1.44 CHF", "breadcrumb": "Sortiment > Sortiment > Gruyère AOP gerieben", "pdp_url": "https://sortiment.lidl.ch/de/gruyere-aop-gerieben-5100549", "product_description": "Artikelnr.: 5100549"}
{"product_name": "Pinienkerne", "brand": "alesto", "regular_price": 1.99, "selling_price": 1.99, "price_per_unit": "pro 50g | 100g = 3.98 CHF", "breadcrumb": "Sortiment > Sortiment > Pinienkerne", "pdp_url": "https://sortiment.lidl.ch/de/pinienkerne-0137056", "product_description": "Artikelnr.: 137056"}
{"product_name": "Erdbeer-Konfitüre", "brand": "maribel", "regular_price": 1.29, "selling_price": 1.29, "price_per_unit": "pro 450g | 100g = 0.29 CHF", "breadcrumb": "Sortiment > Sortiment > Erdbeer-Konfitüre", "pdp_url": "https://sortiment.lidl.ch/de/erdbeer-konfituere-0200205", "product_description": "Artikelnr.: 200205"}
{"product_name": "Tomme Suisse", "brand": "fromani", "regular_price": 1.75, "selling_price": 1.75, "price_per_unit": "pro 100g |", "breadcrumb": "Sortiment > Sortiment > Tomme Suisse", "pdp_url": "https://sortiment.lidl.ch/de/tomme-suisse-5112847", "product_description": "Artikelnr.: 5112847"}
{"product_name": "ASC White Tiger Crevetten", "brand": "fishers_choice", "regular_price": 2.69, "selling_price": 2.69, "price_per_unit": "pro 100g, ca. 200-300g |", "breadcrumb": "Sortiment > Sortiment > ASC White Tiger Crevetten", "pdp_url": "https://sortiment.lidl.ch/de/asc-white-tiger-crevetten-5112339", "product_description": "Artikelnr.: 5112339"}
{"product_name": "Gesichtsreinigungstücher", "brand": "cien", "regular_price": 2.95, "selling_price": 2.95, "price_per_unit": "pro 2x25 Stück | 1 Stk = 0.06 CHF", "breadcrumb": "Sortiment > Sortiment > Gesichtsreinigungstücher", "pdp_url": "https://sortiment.lidl.ch/de/gesichtsreinigungstuecher-0197694", "product_description": "Artikelnr.: 197694"}
{"product_name": "Unilever Axe Deo Spray", "brand": "", "regular_price": 6.19, "selling_price": 6.19, "price_per_unit": "pro 200ml | 1L = 30.95 CHF", "breadcrumb": "Sortiment > Sortiment > Unilever Axe Deo Spray", "pdp_url": "https://sortiment.lidl.ch/de/unilever-axe-deo-spray-1800351", "product_description": "Artikelnr.: 1800351"}
{"product_name": "Vegane Tortelloni", "brand": "vemondo", "regular_price": 3.29, "selling_price": 3.29, "price_per_unit": "pro 250g | 100g = 1.32 CHF", "breadcrumb": "Sortiment > Sortiment > Vegane Tortelloni", "pdp_url": "https://sortiment.lidl.ch/de/vegane-tortelloni-0215659", "product_description": "Artikelnr.: 215659"}
{"product_name": "Quinoa Tricolore Pasta Caprese", "brand": "select_go", "regular_price": 3.49, "selling_price": 3.49, "price_per_unit": "pro 290g, 300g | 100g = 1.21, 1.17 CHF", "breadcrumb": "Sortiment > Sortiment > Quinoa Tricolore Pasta Caprese", "pdp_url": "https://sortiment.lidl.ch/de/quinoa-tricolore-pasta-caprese-5112325", "product_description": "Artikelnr.: 5112325"}
{"product_name": "Poulet Curry / Fusilli Salat", "brand": "chef_select", "regular_price": 3.49, "selling_price": 3.49, "price_per_unit": "pro 300g | 100g = 1.17 CHF", "breadcrumb": "Sortiment > Sortiment > Poulet Curry / Fusilli Salat", "pdp_url": "https://sortiment.lidl.ch/de/poulet-curry-fusilli-salat-5112322", "product_description": "Artikelnr.: 5112322"}
{"product_name": "Karotten Terra Natura", "brand": "", "regular_price": 1.69, "selling_price": 1.69, "price_per_unit": "pro 1kg |", "breadcrumb": "Sortiment > Sortiment > Karotten Terra Natura", "pdp_url": "https://sortiment.lidl.ch/de/karotten-terra-natura-0082755", "product_description": "Artikelnr.: 82755"}
{"product_name": "Californische Pistazien gesalzen", "brand": "alesto", "regular_price": 3.99, "selling_price": 3.99, "price_per_unit": "pro 250g | 100g = 1.60 CHF", "breadcrumb": "Sortiment > Sortiment > Californische Pistazien gesalzen", "pdp_url": "https://sortiment.lidl.ch/de/californische-pistazien-gesalzen-0013266", "product_description": "Artikelnr.: 13266"}
{"product_name": "Birra Moretti 4.6% Vol.", "brand": "", "regular_price": 13.19, "selling_price": 9.89, "price_per_unit": "pro 6x0.5l | 1L = 3.30 CHF", "breadcrumb": "Sortiment > Sortiment > Birra Moretti 4.6% Vol.", "pdp_url": "https://sortiment.lidl.ch/de/birra-moretti-4-6-vol-5112742", "product_description": "Artikelnr.: 5112742"}
{"product_name": "Rivella Gelb", "brand": "rivella", "regular_price": 9.29, "selling_price": 9.29, "price_per_unit": "pro 6x0,5l | 1L = 3.10 CHF", "breadcrumb": "Sortiment > Sortiment > Rivella Gelb", "pdp_url": "https://sortiment.lidl.ch/de/rivella-gelb-5112737", "product_description": "Artikelnr.: 5112737"}
{"product_name": "Sparkling Lemon", "brand": "freeway", "regular_price": 0.59, "selling_price": 0.59, "price_per_unit": "pro 0,33l | 1L = 1.79 CHF", "breadcrumb": "Sortiment > Sortiment > Sparkling Lemon", "pdp_url": "https://sortiment.lidl.ch/de/sparkling-lemon-0200276", "product_description": "Artikelnr.: 200276"}
{"product_name": "Primitivo di Manduria DOC", "brand": "", "regular_price": 15.95, "selling_price": 15.95, "price_per_unit": "pro 0,75l | 1L = 21.27 CHF", "breadcrumb": "Sortiment > Sortiment > Primitivo di Manduria DOC", "pdp_url": "https://sortiment.lidl.ch/de/primitivo-di-manduria-doc-5112701", "product_description": "Artikelnr.: 5112701"}
{"product_name": "Valdepeñas Reserva DO", "brand": "", "regular_price": 9.95, "selling_price": 9.95, "price_per_unit": "pro 0,75l | 1L = 13.27 CHF", "breadcrumb": "Sortiment > Sortiment > Valdepeñas Reserva DO", "pdp_url": "https://sortiment.lidl.ch/de/valdepe-as-reserva-do-5110693", "product_description": "Artikelnr.: 5110693"}
{"product_name": "Bolognese Fix", "brand": "kania", "regular_price": 0.65, "selling_price": 0.65, "price_per_unit": "pro 37g | 100g = 1.76 CHF", "breadcrumb": "Sortiment > Sortiment > Bolognese Fix", "pdp_url": "https://sortiment.lidl.ch/de/bolognese-fix-0201850", "product_description": "Artikelnr.: 201850"}
{"product_name": "Gulasch Fix", "brand": "kania", "regular_price": 0.65, "selling_price": 0.65, "price_per_unit": "pro 40g | 100g = 1.63 CHF", "breadcrumb": "Sortiment > Sortiment > Gulasch Fix", "pdp_url": "https://sortiment.lidl.ch/de/gulasch-fix-0201845", "product_description": "Artikelnr.: 201845"}
{"product_name": "Tomatenketchup light", "brand": "kania", "regular_price": 1.59, "selling_price": 1.59, "price_per_unit": "pro 500ml | 100ML = 0.32 CHF", "breadcrumb": "Sortiment > Sortiment > Tomatenketchup light", "pdp_url": "https://sortiment.lidl.ch/de/tomatenketchup-light-0192435", "product_description": "Artikelnr.: 192435"}
{"product_name": "Gnocchi", "brand": "chef_select", "regular_price": 1.79, "selling_price": 1.79, "price_per_unit": "pro 600g | 100g = 0.30 CHF", "breadcrumb": "Sortiment > Sortiment > Gnocchi", "pdp_url": "https://sortiment.lidl.ch/de/gnocchi-0215559", "product_description": "Artikelnr.: 215559"}
{"product_name": "Simit", "brand": "", "regular_price": 0.99, "selling_price": 0.99, "price_per_unit": "pro 120g | 100g = 0.83 CHF", "breadcrumb": "Sortiment > Sortiment > Simit", "pdp_url": "https://sortiment.lidl.ch/de/simit-0160434", "product_description": "Artikelnr.: 160434 Weizenkleingebäck mit Sesam bestreut. Zutaten: Weizenmehl , Wasser, 12,3% Sesamsamen , Zucker, Rapsöl, Hefe, Speisesalz, Stabilisator: Guarkernmehl, Dextrose, Weizenkleber , Emulgator: Mono- und Diacetylweinsäureester von Mono- und Diglyceriden von Speisefettsäuren*, Malzmehl ( Weizen, Gerste ), Mehlbehandlungsmittel: Ascorbinsäure, Zuckerrübensirup. Kann Spuren von Ei, Erdnüsse, Soja, Milch, Schalenfrüchte (Nüsse), Sellerie, Senf und Sulfiten enthalten . *auf pflanzlicher Basis. Hergestellt in Deutschland."}
{"product_name": "Petit Beurre Schokolade", "brand": "sondey", "regular_price": 2.49, "selling_price": 2.49, "price_per_unit": "pro 2x125g | 100g = 1.00 CHF", "breadcrumb": "Sortiment > Sortiment > Petit Beurre Schokolade", "pdp_url": "https://sortiment.lidl.ch/de/petit-beurre-schokolade-0148303", "product_description": "Artikelnr.: 148303"}
{"product_name": "Teelichter", "brand": "", "regular_price": 4.99, "selling_price": 4.99, "price_per_unit": "pro 100 Stück |", "breadcrumb": "Sortiment > Sortiment > Teelichter", "pdp_url": "https://sortiment.lidl.ch/de/teelichter-0189618", "product_description": "Artikelnr.: 189618"}
{"product_name": "Bio Landbrötli", "brand": "", "regular_price": 0.99, "selling_price": 0.99, "price_per_unit": "pro 90g | 100g = 1.10 CHF", "breadcrumb": "Sortiment > Sortiment > Bio Landbrötli", "pdp_url": "https://sortiment.lidl.ch/de/bio-landbroetli-5112435", "product_description": "Artikelnr.: 5112435 Bio Spezialbrötchen. Zutaten: Weizenmehl 1, Wasser, Roggenschrot 1, Roggenmehl 1, Dinkelvollkornmehl 1, Sonnenblumenkerne1, Hefe1, Speisesalz jodiert, Leinsamen1, Sesam1 , Roggensauersteig [Wasser, Roggenvollkornmehl1 , Hefe1], Röstroggen1 , Weizengluten1 , Acerolapulver1 (auf Maniokstärke). Kann Spuren von Ei, Erdnüsse, Soja, Milch, Schalenfrüchte (Nüsse), Sellerie, Senf und Sulfiten enthalten. 1aus biologischer Landwirtschaft. CH-BIO-006. Hergestellt in der Schweiz."}
{"product_name": "Vollkornbrot", "brand": "", "regular_price": 3.49, "selling_price": 3.49, "price_per_unit": "pro 350g | 100g = 1.00 CHF", "breadcrumb": "Sortiment > Sortiment > Vollkornbrot", "pdp_url": "https://sortiment.lidl.ch/de/vollkornbrot-5112426", "product_description": "Artikelnr.: 5112426 Vollkornbrot mit Roggenmehl. Zutaten:  56,2% Weizenvollkornmehl, Wasser, Backhefe, Speisesalz, Dextrose, Roggensauerteig ( Roggenmehl ), Weizensauerteig  ( Weizenmehl, Weizenmalzmehl ), Weizenquellstärke , Roggenmehl , Acerolafruchtpulver (auf Trägerstoff Maltodextrin). Kann Spuren von Ei, Milch, Soja, Erdnüsse, Schalenfrüchte (Nüsse), Sellerie, Senf, Sesam und Sulfiten enthalten. Hergestellt in der Schweiz."}
{"product_name": "Wasa Knäckebrot", "brand": "", "regular_price": 2.29, "selling_price": 2.29, "price_per_unit": "pro 260g, 275g | 100g = 0.89, 0.84 CHF", "breadcrumb": "Sortiment > Sortiment > Wasa Knäckebrot", "pdp_url": "https://sortiment.lidl.ch/de/wasa-knaeckebrot-0192271", "product_description": "Artikelnr.: 192271"}
{"product_name": "Wiener Waffeln / Kokosmakronen", "brand": "sondey", "regular_price": 2.79, "selling_price": 2.79, "price_per_unit": "pro 180g, 200g | 100g = 1.55, 1.40 CHF", "breadcrumb": "Sortiment > Sortiment > Wiener Waffeln / Kokosmakronen", "pdp_url": "https://sortiment.lidl.ch/de/wiener-waffeln-kokosmakronen-5112033", "product_description": "Artikelnr.: 5112033"}
{"product_name": "Japonais / Truffine", "brand": "sondey", "regular_price": 1.95, "selling_price": 1.95, "price_per_unit": "pro 100g, 115g | 100g = 1.95, 1.70 CHF", "breadcrumb": "Sortiment > Sortiment > Japonais / Truffine", "pdp_url": "https://sortiment.lidl.ch/de/japonais-truffine-5112025", "product_description": "Artikelnr.: 5112025"}
{"product_name": "Bio Kokosnussmilch", "brand": "freshona", "regular_price": 1.49, "selling_price": 1.49, "price_per_unit": "pro 250ml | 1L = 5.96 CHF", "breadcrumb": "Sortiment > Sortiment > Bio Kokosnussmilch", "pdp_url": "https://sortiment.lidl.ch/de/bio-kokosnussmilch-0193367", "product_description": "Artikelnr.: 193367"}
{"product_name": "Vegane Rostbratwürstli", "brand": "vemondo", "regular_price": 2.69, "selling_price": 2.69, "price_per_unit": "pro 180g | 100g = 1.50 CHF", "breadcrumb": "Sortiment > Sortiment > Vegane Rostbratwürstli", "pdp_url": "https://sortiment.lidl.ch/de/vegane-rostbratwuerstli-5011276", "product_description": "Artikelnr.: 5011276"}
{"product_name": "Bio Ravioli / Bio Tortelloni", "brand": "chef_select", "regular_price": 2.49, "selling_price": 2.49, "price_per_unit": "pro 250g | 100g = 1.00 CHF", "breadcrumb": "Sortiment > Sortiment > Bio Ravioli / Bio Tortelloni", "pdp_url": "https://sortiment.lidl.ch/de/bio-ravioli-bio-tortelloni-0119419", "product_description": "Artikelnr.: 119419"}
{"product_name": "Curly Fries", "brand": "harvest_basket", "regular_price": 4.99, "selling_price": 4.99, "price_per_unit": "pro 750g | 100g = 0.67 CHF", "breadcrumb": "Sortiment > Sortiment > Curly Fries", "pdp_url": "https://sortiment.lidl.ch/de/curly-fries-0118593", "product_description": "Artikelnr.: 118593"}
{"product_name": "Vollrahm 35% UHT", "brand": "milbona", "regular_price": 2.09, "selling_price": 2.09, "price_per_unit": "pro 250ml | 100ML = 0.84 CHF", "breadcrumb": "Sortiment > Sortiment > Vollrahm 35% UHT", "pdp_url": "https://sortiment.lidl.ch/de/vollrahm-35-uht-5112044", "product_description": "Artikelnr.: 5112044"}
{"product_name": "Züribieter Eier Freilandhaltung", "brand": "", "regular_price": 3.29, "selling_price": 3.29, "price_per_unit": "pro 6 Stück | 1 Stk = 0.55 CHF", "breadcrumb": "Sortiment > Sortiment > Züribieter Eier Freilandhaltung", "pdp_url": "https://sortiment.lidl.ch/de/zueribieter-eier-freilandhaltung-5111992", "product_description": "Artikelnr.: 5111992"}
{"product_name": "Alu-Kaffekapseln Viola Decaf", "brand": "bellarom", "regular_price": 3.95, "selling_price": 3.95, "price_per_unit": "pro 20 Stück |", "breadcrumb": "Sortiment > Sortiment > Alu-Kaffekapseln Viola Decaf", "pdp_url": "https://sortiment.lidl.ch/de/alu-kaffekapseln-viola-decaf-0190356", "product_description": "Artikelnr.: 190356"}
{"product_name": "ASC Lachsfilet ganze Seite", "brand": "fishers_choice", "regular_price": 19.99, "selling_price": 19.99, "price_per_unit": "pro 750g | 100g = 2.67 CHF", "breadcrumb": "Sortiment > Sortiment > ASC Lachsfilet ganze Seite", "pdp_url": "https://sortiment.lidl.ch/de/asc-lachsfilet-ganze-seite-0207172", "product_description": "Artikelnr.: 207172"}
{"product_name": "Eco Permanent Tragetasche", "brand": "", "regular_price": 0.99, "selling_price": 0.99, "price_per_unit": "pro Stück |", "breadcrumb": "Sortiment > Sortiment > Eco Permanent Tragetasche", "pdp_url": "https://sortiment.lidl.ch/de/eco-permanent-tragetasche-0199386", "product_description": "Artikelnr.: 199386"}
{"product_name": "Vegane Schokolade Crunchy Nut", "brand": "vemondo", "regular_price": 1.99, "selling_price": 1.99, "price_per_unit": "pro 180g | 100g = 1.11 CHF", "breadcrumb": "Sortiment > Sortiment > Vegane Schokolade Crunchy Nut", "pdp_url": "https://sortiment.lidl.ch/de/vegane-schokolade-crunchy-nut-0176145", "product_description": "Artikelnr.: 176145"}
{"product_name": "Duschgel blaue Frische", "brand": "cien", "regular_price": 0.89, "selling_price": 0.89, "price_per_unit": "pro 750ml | 1L = 1.19 CHF", "breadcrumb": "Sortiment > Sortiment > Duschgel blaue Frische", "pdp_url": "https://sortiment.lidl.ch/de/duschgel-blaue-frische-0195664", "product_description": "Artikelnr.: 195664"}
{"product_name": "Katzennassnahrung in Gelee", "brand": "coshida", "regular_price": 2.95, "selling_price": 2.95, "price_per_unit": "pro 12x100g | 100g = 0.25 CHF", "breadcrumb": "Sortiment > Sortiment > Katzennassnahrung in Gelee", "pdp_url": "https://sortiment.lidl.ch/de/katzennassnahrung-in-gelee-0092670", "product_description": "Artikelnr.: 92670"}
{"product_name": "Katzennassnahrung Stückchen in Sauce", "brand": "coshida", "regular_price": 2.95, "selling_price": 2.95, "price_per_unit": "pro 12x100g | 100g = 0.25 CHF", "breadcrumb": "Sortiment > Sortiment > Katzennassnahrung Stückchen in Sauce", "pdp_url": "https://sortiment.lidl.ch/de/katzennassnahrung-stueckchen-in-sauce-0092655", "product_description": "Artikelnr.: 92655"}
{"product_name": "Kaffeekapseln Ristretto Espresso", "brand": "bellarom", "regular_price": 6.89, "selling_price": 6.89, "price_per_unit": "pro 44 Stück |", "breadcrumb": "Sortiment > Sortiment > Kaffeekapseln Ristretto Espresso", "pdp_url": "https://sortiment.lidl.ch/de/kaffeekapseln-ristretto-espresso-0149933", "product_description": "Artikelnr.: 149933"}
{"product_name": "Ostschweizer Eier Freilandhaltung", "brand": "", "regular_price": 3.29, "selling_price": 3.29, "price_per_unit": "pro 6 Stück | 1 Stk = 0.55 CHF", "breadcrumb": "Sortiment > Sortiment > Ostschweizer Eier Freilandhaltung", "pdp_url": "https://sortiment.lidl.ch/de/ostschweizer-eier-freilandhaltung-5111991", "product_description": "Artikelnr.: 5111991"}
{"product_name": "ASC Lachsfilet mit Haut", "brand": "fishers_choice", "regular_price": 7.45, "selling_price": 7.45, "price_per_unit": "pro 2x125g | 100g = 2.98 CHF", "breadcrumb": "Sortiment > Sortiment > ASC Lachsfilet mit Haut", "pdp_url": "https://sortiment.lidl.ch/de/asc-lachsfilet-mit-haut-0214378", "product_description": "Artikelnr.: 214378"}
{"product_name": "Bio Cafè Crema Fairtrade", "brand": "fairglobe", "regular_price": 14.99, "selling_price": 14.99, "price_per_unit": "pro 1000g |", "breadcrumb": "Sortiment > Sortiment > Bio Cafè Crema Fairtrade", "pdp_url": "https://sortiment.lidl.ch/de/bio-cafe-crema-fairtrade-0116809", "product_description": "Artikelnr.: 116809"}
{"product_name": "IronMaxx Whey Proteinpulver", "brand": "", "regular_price": 19.99, "selling_price": 19.99, "price_per_unit": "pro 500g | 100g = 4.00 CHF", "breadcrumb": "Sortiment > Sortiment > IronMaxx Whey Proteinpulver", "pdp_url": "https://sortiment.lidl.ch/de/ironmaxx-whey-proteinpulver-7714657", "product_description": "Artikelnr.: 7714657"}
{"product_name": "Tic Tac", "brand": "tic_tac", "regular_price": 1.99, "selling_price": 1.99, "price_per_unit": "pro 54g | 100g = 3.69 CHF", "breadcrumb": "Sortiment > Sortiment > Tic Tac", "pdp_url": "https://sortiment.lidl.ch/de/tic-tac-0212333", "product_description": "Artikelnr.: 212333"}
{"product_name": "Energy Drink Kokos-Blaubeere", "brand": "kong_strong", "regular_price": 0.55, "selling_price": 0.55, "price_per_unit": "pro 0,25l | 1L = 2.20 CHF", "breadcrumb": "Sortiment > Sortiment > Energy Drink Kokos-Blaubeere", "pdp_url": "https://sortiment.lidl.ch/de/energy-drink-kokos-blaubeere-0202708", "product_description": "Artikelnr.: 202708"}
{"product_name": "Kaffeekapseln Viola Espresso", "brand": "bellarom", "regular_price": 6.89, "selling_price": 6.89, "price_per_unit": "pro 44 Stück |", "breadcrumb": "Sortiment > Sortiment > Kaffeekapseln Viola Espresso", "pdp_url": "https://sortiment.lidl.ch/de/kaffeekapseln-viola-espresso-0149951", "product_description": "Artikelnr.: 149951"}
{"product_name": "Frischer Apfelsaft", "brand": "solevita", "regular_price": 1.95, "selling_price": 1.95, "price_per_unit": "pro 1000ml |", "breadcrumb": "Sortiment > Sortiment > Frischer Apfelsaft", "pdp_url": "https://sortiment.lidl.ch/de/frischer-apfelsaft-5112327", "product_description": "Artikelnr.: 5112327"}
{"product_name": "Waldfrucht-/ Beeren-Tee", "brand": "lord_nelson", "regular_price": 1.19, "selling_price": 1.19, "price_per_unit": "pro 20x3g | 100g = 1.99 CHF", "breadcrumb": "Sortiment > Sortiment > Waldfrucht-/ Beeren-Tee", "pdp_url": "https://sortiment.lidl.ch/de/waldfrucht-beeren-tee-0200113", "product_description": "Artikelnr.: 200113"}
{"product_name": "Ayran Joghurt-Getränk", "brand": "milbona", "regular_price": 0.59, "selling_price": 0.59, "price_per_unit": "pro 250ml | 1L = 2.36 CHF", "breadcrumb": "Sortiment > Sortiment > Ayran Joghurt-Getränk", "pdp_url": "https://sortiment.lidl.ch/de/ayran-joghurt-getraenk-0123703", "product_description": "Artikelnr.: 123703"}
{"product_name": "Carpaccio", "brand": "deluxe", "regular_price": 4.85, "selling_price": 4.85, "price_per_unit": "pro 80g | 100g = 6.07 CHF", "breadcrumb": "Sortiment > Sortiment > Carpaccio", "pdp_url": "https://sortiment.lidl.ch/de/carpaccio-5106715", "product_description": "Artikelnr.: 5106715"}
{"product_name": "Vitello Tonnato", "brand": "deluxe", "regular_price": 4.85, "selling_price": 4.85, "price_per_unit": "pro 140g | 100g = 3.47 CHF", "breadcrumb": "Sortiment > Sortiment > Vitello Tonnato", "pdp_url": "https://sortiment.lidl.ch/de/vitello-tonnato-5106714", "product_description": "Artikelnr.: 5106714"}
{"product_name": "Kaffeekapseln Forte Lungo", "brand": "bellarom", "regular_price": 6.89, "selling_price": 6.89, "price_per_unit": "pro 44 Stück |", "breadcrumb": "Sortiment > Sortiment > Kaffeekapseln Forte Lungo", "pdp_url": "https://sortiment.lidl.ch/de/kaffeekapseln-forte-lungo-0178111", "product_description": "Artikelnr.: 178111"}
{"product_name": "Gärtnersalat", "brand": "", "regular_price": 1.59, "selling_price": 1.59, "price_per_unit": "pro 250g | 100g = 0.64 CHF", "breadcrumb": "Sortiment > Sortiment > Gärtnersalat", "pdp_url": "https://sortiment.lidl.ch/de/gaertnersalat-5112009", "product_description": "Artikelnr.: 5112009"}
{"product_name": "Californische Pistazien", "brand": "alesto", "regular_price": 3.99, "selling_price": 3.99, "price_per_unit": "pro 250g | 100g = 1.60 CHF", "breadcrumb": "Sortiment > Sortiment > Californische Pistazien", "pdp_url": "https://sortiment.lidl.ch/de/californische-pistazien-0159579", "product_description": "Artikelnr.: 159579"}
{"product_name": "Tomatenketchup", "brand": "kania", "regular_price": 1.59, "selling_price": 1.59, "price_per_unit": "pro 500ml | 1L = 3.18 CHF", "breadcrumb": "Sortiment > Sortiment > Tomatenketchup", "pdp_url": "https://sortiment.lidl.ch/de/tomatenketchup-0079337", "product_description": "Artikelnr.: 79337"}
{"product_name": "Halbrahm 25% UHT", "brand": "milbona", "regular_price": 1.59, "selling_price": 1.59, "price_per_unit": "pro 250ml | 100ML = 0.64 CHF", "breadcrumb": "Sortiment > Sortiment > Halbrahm 25% UHT", "pdp_url": "https://sortiment.lidl.ch/de/halbrahm-25-uht-5112042", "product_description": "Artikelnr.: 5112042"}
{"product_name": "Pringles Chips", "brand": "pringles", "regular_price": 3.29, "selling_price": 3.29, "price_per_unit": "pro 185g | 100g = 1.78 CHF", "breadcrumb": "Sortiment > Sortiment > Pringles Chips", "pdp_url": "https://sortiment.lidl.ch/de/pringles-chips-1800460", "product_description": "Artikelnr.: 1800460"}
{"product_name": "Schweizer Rahmspinat", "brand": "freshona", "regular_price": 1.95, "selling_price": 1.95, "price_per_unit": "pro 750g | 100g = 0.26 CHF", "breadcrumb": "Sortiment > Sortiment > Schweizer Rahmspinat", "pdp_url": "https://sortiment.lidl.ch/de/schweizer-rahmspinat-5111752", "product_description": "Artikelnr.: 5111752"}
{"product_name": "Halbweissbrot", "brand": "", "regular_price": 1.19, "selling_price": 1.19, "price_per_unit": "pro 500g | 100g = 0.24 CHF", "breadcrumb": "Sortiment > Sortiment > Halbweissbrot", "pdp_url": "https://sortiment.lidl.ch/de/halbweissbrot-5112442", "product_description": "Artikelnr.: 5112442 Weizenbrot. Zutaten: Weizenmehl, Wasser, Speisesalz jodiert, Hefe, Säuerungsmittel: Calciumacetat, getrockneter Sauerteig ( Weizen, Roggen ), Roggenmehl, Mehlbehandlungsmittel: Ascorbinsäure. Kann Spuren von Ei, Erdnüsse, Soja, Milch, Schalenfrüchte (Nüsse), Sellerie, Senf, Sesam und Sulfiten enthalten. Hergestellt in der Schweiz."}
{"product_name": "El Tony Mate", "brand": "", "regular_price": 1.89, "selling_price": 1.89, "price_per_unit": "pro 330ml | 1L = 5.73 CHF", "breadcrumb": "Sortiment > Sortiment > El Tony Mate", "pdp_url": "https://sortiment.lidl.ch/de/el-tony-mate-5112256", "product_description": "Artikelnr.: 5112256"}
{"product_name": "Eier aus der Zentralschweiz", "brand": "", "regular_price": 3.29, "selling_price": 3.29, "price_per_unit": "pro 6 Stück | 1 Stk = 0.55 CHF", "breadcrumb": "Sortiment > Sortiment > Eier aus der Zentralschweiz", "pdp_url": "https://sortiment.lidl.ch/de/eier-aus-der-zentralschweiz-5111996", "product_description": "Artikelnr.: 5111996"}
{"product_name": "Schokoladenchunks", "brand": "belbake", "regular_price": 1.99, "selling_price": 1.99, "price_per_unit": "pro 100g |", "breadcrumb": "Sortiment > Sortiment > Schokoladenchunks", "pdp_url": "https://sortiment.lidl.ch/de/schokoladenchunks-0138290", "product_description": "Artikelnr.: 138290"}
{"product_name": "Frische Limonade Limette-Zitrone", "brand": "solevita", "regular_price": 1.99, "selling_price": 1.99, "price_per_unit": "pro 1l |", "breadcrumb": "Sortiment > Sortiment > Frische Limonade Limette-Zitrone", "pdp_url": "https://sortiment.lidl.ch/de/frische-limonade-limette-zitrone-0190850", "product_description": "Artikelnr.: 190850"}
{"product_name": "Piú Secco", "brand": "", "regular_price": 2.95, "selling_price": 2.95, "price_per_unit": "pro 0,75l | 1L = 3.94 CHF", "breadcrumb": "Sortiment > Sortiment > Piú Secco", "pdp_url": "https://sortiment.lidl.ch/de/piu-secco-0206227", "product_description": "Artikelnr.: 206227"}
{"product_name": "Pure Taste Katzennassnahrung", "brand": "coshida", "regular_price": 4.95, "selling_price": 4.95, "price_per_unit": "pro 8x85g | 100g = 0.73 CHF", "breadcrumb": "Sortiment > Sortiment > Pure Taste Katzennassnahrung", "pdp_url": "https://sortiment.lidl.ch/de/pure-taste-katzennassnahrung-0171569", "product_description": "Artikelnr.: 171569"}
{"product_name": "Alu-Kaffeekapseln Intenso", "brand": "bellarom", "regular_price": 3.95, "selling_price": 3.95, "price_per_unit": "pro 20 Stück | 100g = 19.75, 3.95 CHF", "breadcrumb": "Sortiment > Sortiment > Alu-Kaffeekapseln Intenso", "pdp_url": "https://sortiment.lidl.ch/de/alu-kaffeekapseln-intenso-0177842", "product_description": "Artikelnr.: 177842"}
{"product_name": "S-Klingen Rasierer women", "brand": "cien", "regular_price": 4.29, "selling_price": 4.29, "price_per_unit": "pro Stück |", "breadcrumb": "Sortiment > Sortiment > S-Klingen Rasierer women", "pdp_url": "https://sortiment.lidl.ch/de/s-klingen-rasierer-women-0193288", "product_description": "Artikelnr.: 193288"}
{"product_name": "Ersatzklingen women, 5-Klingen", "brand": "cien", "regular_price": 3.99, "selling_price": 3.99, "price_per_unit": "pro 3 Stück | 1 Stk = 1.33 CHF", "breadcrumb": "Sortiment > Sortiment > Ersatzklingen women, 5-Klingen", "pdp_url": "https://sortiment.lidl.ch/de/ersatzklingen-women-5-klingen-0193289", "product_description": "Artikelnr.: 193289"}
{"product_name": "Rasiergel", "brand": "", "regular_price": 2.19, "selling_price": 2.19, "price_per_unit": "pro 200ml | 1L = 10.95 CHF", "breadcrumb": "Sortiment > Sortiment > Rasiergel", "pdp_url": "https://sortiment.lidl.ch/de/rasiergel-0130689", "product_description": "Artikelnr.: 130689"}
{"product_name": "Men 5-Klingen-Rasierer", "brand": "cien", "regular_price": 4.79, "selling_price": 4.79, "price_per_unit": "pro Stück |", "breadcrumb": "Sortiment > Sortiment > Men 5-Klingen-Rasierer", "pdp_url": "https://sortiment.lidl.ch/de/men-5-klingen-rasierer-0163335", "product_description": "Artikelnr.: 163335"}
{"product_name": "Men Einwegrasierer 2 Klingen", "brand": "", "regular_price": 2.99, "selling_price": 2.99, "price_per_unit": "pro 10 Stück | 1 Stk = 0.30 CHF", "breadcrumb": "Sortiment > Sortiment > Men Einwegrasierer 2 Klingen", "pdp_url": "https://sortiment.lidl.ch/de/men-einwegrasierer-2-klingen-0163333", "product_description": "Artikelnr.: 163333"}
{"product_name": "Alu-Kaffeekapsel Ristretto", "brand": "bellarom", "regular_price": 3.95, "selling_price": 3.95, "price_per_unit": "pro 20 Stück |", "breadcrumb": "Sortiment > Sortiment > Alu-Kaffeekapsel Ristretto", "pdp_url": "https://sortiment.lidl.ch/de/alu-kaffeekapsel-ristretto-0177841", "product_description": "Artikelnr.: 177841"}
{"product_name": "Gesichtsserum", "brand": "cien", "regular_price": 4.99, "selling_price": 4.99, "price_per_unit": "pro 30ml | 100ML = 16.64 CHF", "breadcrumb": "Sortiment > Sortiment > Gesichtsserum", "pdp_url": "https://sortiment.lidl.ch/de/gesichtsserum-0173928", "product_description": "Artikelnr.: 173928"}
{"product_name": "Alu-Kaffeekapseln Forte Lungo", "brand": "bellarom", "regular_price": 3.95, "selling_price": 3.95, "price_per_unit": "pro 20 Stück |", "breadcrumb": "Sortiment > Sortiment > Alu-Kaffeekapseln Forte Lungo", "pdp_url": "https://sortiment.lidl.ch/de/alu-kaffeekapseln-forte-lungo-0177839", "product_description": "Artikelnr.: 177839"}
{"product_name": "Taschentücher Kamillen Duft", "brand": "floralys", "regular_price": 2.29, "selling_price": 2.29, "price_per_unit": "pro 100 Stück |", "breadcrumb": "Sortiment > Sortiment > Taschentücher Kamillen Duft", "pdp_url": "https://sortiment.lidl.ch/de/taschentuecher-kamillen-duft-0172509", "product_description": "Artikelnr.: 172509"}
{"product_name": "WC Frisch Kraft Aktiv Ozeanfrische", "brand": "", "regular_price": 6.95, "selling_price": 6.95, "price_per_unit": "pro 2x50g |", "breadcrumb": "Sortiment > Sortiment > WC Frisch Kraft Aktiv Ozeanfrische", "pdp_url": "https://sortiment.lidl.ch/de/wc-frisch-kraft-aktiv-ozeanfrische-1800286", "product_description": "Artikelnr.: 1800286"}
{"product_name": "Borotalco Deo Roll-on", "brand": "", "regular_price": 5.49, "selling_price": 5.49, "price_per_unit": "pro 50ml | 1L = 109.80 CHF", "breadcrumb": "Sortiment > Sortiment > Borotalco Deo Roll-on", "pdp_url": "https://sortiment.lidl.ch/de/borotalco-deo-roll-on-5112333", "product_description": "Artikelnr.: 5112333"}
{"product_name": "Corona Extra Bier", "brand": "", "regular_price": 10.49, "selling_price": 10.49, "price_per_unit": "pro 6x0,33l | 100ML = 0.53 CHF", "breadcrumb": "Sortiment > Sortiment > Corona Extra Bier", "pdp_url": "https://sortiment.lidl.ch/de/corona-extra-bier-5112588", "product_description": "Artikelnr.: 5112588"}
{"product_name": "Alu-Kaffeekapseln Modena Lungo decaf", "brand": "bellarom", "regular_price": 3.95, "selling_price": 3.95, "price_per_unit": "pro 20 Stück | 100g = 19.75, 3.60 CHF", "breadcrumb": "Sortiment > Sortiment > Alu-Kaffeekapseln Modena Lungo decaf", "pdp_url": "https://sortiment.lidl.ch/de/alu-kaffeekapseln-modena-lungo-decaf-0177845", "product_description": "Artikelnr.: 177845"}
{"product_name": "Schweizer Eier Freilandhaltung", "brand": "", "regular_price": 4.95, "selling_price": 4.95, "price_per_unit": "pro 10 Stück | 1 Stk = 0.50 CHF", "breadcrumb": "Sortiment > Sortiment > Schweizer Eier Freilandhaltung", "pdp_url": "https://sortiment.lidl.ch/de/schweizer-eier-freilandhaltung-5111988", "product_description": "Artikelnr.: 5111988"}
{"product_name": "Vanille Donut gefüllt", "brand": "", "regular_price": 0.99, "selling_price": 0.99, "price_per_unit": "pro 67g | 100g = 1.48 CHF", "breadcrumb": "Sortiment > Sortiment > Vanille Donut gefüllt", "pdp_url": "https://sortiment.lidl.ch/de/vanille-donut-gefuellt-0207509", "product_description": "Artikelnr.: 207509 Donut, gefüllt, dekoriert mit kakaohaltiger Fettglasur, aufgetaut. Zutaten: Weizenmehl , 20% cremiger Füllung [Wasser, gezuckerte Kondensmilch ( Vollmilch , Zucker), Zucker, modifizierte Stärke, färbendes Karottekonzentrat, Speisesalz, Verdickungsmittel: Natriumcarboxymethylcellulose, natürliches Aroma, Konservierungsstoffe: Kaliumsorbat, Sorbinsäure, Säuerungsmittel: Citronensäure], pflanzliche Öle (Ölpalme, Raps), Zucker, Wasser, pflanzliche Fette (Palmkern, Ölpalme, Kokos), Reismehl, Hefe, fettarmes Kakaopulver, Sojamehl , jodiertes Speisesalz (Speisesalz, Kaliumiodat), Emulgatoren: Mono- und Diglyceride von Speisefettsäuren, Mono- und Diacetylweinsäureester von Mono- und Diglyceriden von Speisefettsäuren, Lecithine, Natriumstearoyl-2-lactylat, Weizengluten , Backtriebmittel: Natriumhydrogencarbonat, Diphosphate, Weizenstärke , Vollmilchpulver , natürliches Vanillearoma, Antioxidationsmittel:  Ascorbinsäure. Kann Spuren von Ei, Erdnüsse, Schalenfrüchte (Nüsse), Sellerie, Senf, Sesam und Sulfiten enthalten. Hergestellt in Belgien."}
{"product_name": "Erdbeer Donut gefüllt", "brand": "", "regular_price": 0.99, "selling_price": 0.99, "price_per_unit": "pro 69g | 100g = 1.44 CHF", "breadcrumb": "Sortiment > Sortiment > Erdbeer Donut gefüllt", "pdp_url": "https://sortiment.lidl.ch/de/erdbeer-donut-gefuellt-0195726", "product_description": "Artikelnr.: 195726 Donut gefüllt mit 24,6% Erdbeerfüllung und kakaohaltiger Fettglasur, aufgetaut.Zutaten: Weizenmehl , pflanzliche Öle (Ölpalme, Raps, Kokos, Sonnenblume), Zucker, 13% Erdbeeren, Wasser, Glukosesirup, pflanzliche Fette (Palmkern, Ölpalme, Kokos), modifizierte Stärke, Aroniabeeren Püree, Hefe, mageres Kakaopulver, Sojamehl , jodiertes Speisesalz (Speisesalz, Kaliumiodat), Emulgatoren: Mono- und Diacetylweinsäureester von Mono- und Diglyceriden von Speisefettsäuren, Mono- und Diglyceride von Speisefettsäuren, Natriumstearoyl-2-lactylat, Lecithine, Weizengluten , Backtriebmittel: Diphosphate, Natriumhydrogencarbonat, färbendes Randenkonzentrat, Weizenstärke , Vollmilchpulver , färbende Lebensmittelkonzentrate (Johannisbeer, Rettich, Apfel), natürliches Vanillearoma, natürliches Aroma Typ Erdbeer, natürliche Aromen, Verdickungsmittel: Gellan, Konservierungsstoff: Kaliumsorbat, Säuerungsmittel: Citronensäure, Antioxidationsmittel: Ascorbinsäure. Kann Spuren von Eiern, Erdnüssen, Schalenfrüchte (Nüsse), Sellerie, Senf, Sesam und Sulfiten enthalten. Hergestellt in Belgien."}
{"product_name": "Bauernbratwurst", "brand": "bonvalle", "regular_price": 4.99, "selling_price": 4.99, "price_per_unit": "pro 3x130g | 100g = 1.28 CHF", "breadcrumb": "Sortiment > Sortiment > Bauernbratwurst", "pdp_url": "https://sortiment.lidl.ch/de/bauernbratwurst-5112591", "product_description": "Artikelnr.: 5112591"}
{"product_name": "Prosciutto cotto alle erbe", "brand": "deluxe", "regular_price": 4.99, "selling_price": 4.99, "price_per_unit": "pro 100g |", "breadcrumb": "Sortiment > Sortiment > Prosciutto cotto alle erbe", "pdp_url": "https://sortiment.lidl.ch/de/prosciutto-cotto-alle-erbe-5111915", "product_description": "Artikelnr.: 5111915"}
{"product_name": "Mini Paprika Mix", "brand": "", "regular_price": 1.29, "selling_price": 1.29, "price_per_unit": "pro 200g | 100g = 0.65 CHF", "breadcrumb": "Sortiment > Sortiment > Mini Paprika Mix", "pdp_url": "https://sortiment.lidl.ch/de/mini-paprika-mix-0082670", "product_description": "Artikelnr.: 82670"}
{"product_name": "o.b. Tampons Pro Comfort", "brand": "o.b.", "regular_price": 5.89, "selling_price": 5.89, "price_per_unit": "pro 54 Stück, 64 Stück | 1 Stk = 0.11, 0.10 CHF", "breadcrumb": "Sortiment > Sortiment > o.b. Tampons Pro Comfort", "pdp_url": "https://sortiment.lidl.ch/de/o-b-tampons-pro-comfort-1800360", "product_description": "Artikelnr.: 1800360"}
{"product_name": "Aprikosen-Konfitüre", "brand": "maribel", "regular_price": 1.29, "selling_price": 1.29, "price_per_unit": "pro 450g | 100g = 0.29 CHF", "breadcrumb": "Sortiment > Sortiment > Aprikosen-Konfitüre", "pdp_url": "https://sortiment.lidl.ch/de/aprikosen-konfituere-0200204", "product_description": "Artikelnr.: 200204"}
{"product_name": "Truten Cipollata", "brand": "maestade", "regular_price": 5.49, "selling_price": 5.49, "price_per_unit": "pro 275g | 100g = 2.00 CHF", "breadcrumb": "Sortiment > Sortiment > Truten Cipollata", "pdp_url": "https://sortiment.lidl.ch/de/truten-cipollata-5111986", "product_description": "Artikelnr.: 5111986"}
{"product_name": "Geflügel Lyoner", "brand": "maestade", "regular_price": 2.19, "selling_price": 2.19, "price_per_unit": "pro 200g | 100g = 1.10 CHF", "breadcrumb": "Sortiment > Sortiment > Geflügel Lyoner", "pdp_url": "https://sortiment.lidl.ch/de/gefluegel-lyoner-5111985", "product_description": "Artikelnr.: 5111985"}
{"product_name": "Rindshackfleisch light Family", "brand": "bonvalle", "regular_price": 9.99, "selling_price": 9.99, "price_per_unit": "pro 600g | 100g = 1.67 CHF", "breadcrumb": "Sortiment > Sortiment > Rindshackfleisch light Family", "pdp_url": "https://sortiment.lidl.ch/de/rindshackfleisch-light-family-5110609", "product_description": "Artikelnr.: 5110609"}
{"product_name": "Schweinekoteletts mager", "brand": "bonvalle", "regular_price": 7.99, "selling_price": 7.99, "price_per_unit": "pro 500g | 100g = 1.60 CHF", "breadcrumb": "Sortiment > Sortiment > Schweinekoteletts mager", "pdp_url": "https://sortiment.lidl.ch/de/schweinekoteletts-mager-5112158", "product_description": "Artikelnr.: 5112158"}
{"product_name": "Himbeer-Konfitüre", "brand": "maribel", "regular_price": 1.95, "selling_price": 1.95, "price_per_unit": "pro 450g | 100g = 0.44 CHF", "breadcrumb": "Sortiment > Sortiment > Himbeer-Konfitüre", "pdp_url": "https://sortiment.lidl.ch/de/himbeer-konfituere-0200207", "product_description": "Artikelnr.: 200207"}
{"product_name": "Cornflakes", "brand": "crownfield", "regular_price": 1.49, "selling_price": 1.49, "price_per_unit": "pro 500g | 100g = 0.30 CHF", "breadcrumb": "Sortiment > Sortiment > Cornflakes", "pdp_url": "https://sortiment.lidl.ch/de/cornflakes-0038272", "product_description": "Artikelnr.: 38272"}
{"product_name": "Baguette Croustille", "brand": "", "regular_price": 1.59, "selling_price": 1.59, "price_per_unit": "pro 250g | 100g = 0.64 CHF", "breadcrumb": "Sortiment > Sortiment > Baguette Croustille", "pdp_url": "https://sortiment.lidl.ch/de/baguette-croustille-0144723", "product_description": "Artikelnr.: 144723 Weizenbrot. Zutaten: 70% Weizenmehl , Wasser, Backhefe, Speisesalz, Weizenmalzmehl , Gerstenmalzextrakt , Weizengluten , deaktivierte Hefe, Mehlbehandlungsmittel: Ascorbinsäure. Kann Spuren von Ei, Erdnüsse, Soja, Milch, Schalenfrüchte (Nüsse), Sellerie, Senf, Sesam und Sulfiten enthalten. Hergestellt in Frankreich."}
{"product_name": "Haferbrot", "brand": "", "regular_price": 2.99, "selling_price": 2.99, "price_per_unit": "pro 400g | 100g = 0.75 CHF", "breadcrumb": "Sortiment > Sortiment > Haferbrot", "pdp_url": "https://sortiment.lidl.ch/de/haferbrot-0150202", "product_description": "Artikelnr.: 150202"}
{"product_name": "Grüne Bio Oliven", "brand": "", "regular_price": 2.99, "selling_price": 2.99, "price_per_unit": "pro 160g, 200g (Abtropfgewicht) | 100g = 1.87, 1.50 CHF", "breadcrumb": "Sortiment > Sortiment > Grüne Bio Oliven", "pdp_url": "https://sortiment.lidl.ch/de/gruene-bio-oliven-6203845", "product_description": "Artikelnr.: 6203845"}
{"product_name": "Nissin Cup Noodles", "brand": "", "regular_price": 1.89, "selling_price": 1.89, "price_per_unit": "pro 63g, 64g, 66g | 100g = 3.00, 2.96, 2.87 CHF", "breadcrumb": "Sortiment > Sortiment > Nissin Cup Noodles", "pdp_url": "https://sortiment.lidl.ch/de/nissin-cup-noodles-0183835", "product_description": "Artikelnr.: 183835"}
{"product_name": "Nissin Soba Cup Noodles", "brand": "", "regular_price": 2.95, "selling_price": 2.95, "price_per_unit": "pro 90g, 92g | 100g = 3.28, 3.21 CHF", "breadcrumb": "Sortiment > Sortiment > Nissin Soba Cup Noodles", "pdp_url": "https://sortiment.lidl.ch/de/nissin-soba-cup-noodles-0178298", "product_description": "Artikelnr.: 178298"}
{"product_name": "Hackfleisch gemischt Family", "brand": "carnesi", "regular_price": 7.49, "selling_price": 7.49, "price_per_unit": "pro 700g | 100g = 1.07 CHF", "breadcrumb": "Sortiment > Sortiment > Hackfleisch gemischt Family", "pdp_url": "https://sortiment.lidl.ch/de/hackfleisch-gemischt-family-5112619", "product_description": "Artikelnr.: 5112619"}
{"product_name": "Hackfleisch gemischt", "brand": "carnesi", "regular_price": 5.35, "selling_price": 5.35, "price_per_unit": "pro 500g | 100g = 1.07 CHF", "breadcrumb": "Sortiment > Sortiment > Hackfleisch gemischt", "pdp_url": "https://sortiment.lidl.ch/de/hackfleisch-gemischt-5112590", "product_description": "Artikelnr.: 5112590"}
{"product_name": "Mozzarella gerieben", "brand": "milbona", "regular_price": 3.19, "selling_price": 3.19, "price_per_unit": "pro 250g | 100g = 1.28 CHF", "breadcrumb": "Sortiment > Sortiment > Mozzarella gerieben", "pdp_url": "https://sortiment.lidl.ch/de/mozzarella-gerieben-0129674", "product_description": "Artikelnr.: 129674"}
{"product_name": "Baby Shampoo / Waschgel", "brand": "lupilu", "regular_price": 2.99, "selling_price": 2.99, "price_per_unit": "pro 500ml | 100ML = 0.60 CHF", "breadcrumb": "Sortiment > Sortiment > Baby Shampoo / Waschgel", "pdp_url": "https://sortiment.lidl.ch/de/baby-shampoo-waschgel-0162209", "product_description": "Artikelnr.: 162209"}
{"product_name": "Grabkerze", "brand": "", "regular_price": 3.99, "selling_price": 3.99, "price_per_unit": "pro 5 Stück | 1 Stk = 0.80 CHF", "breadcrumb": "Sortiment > Sortiment > Grabkerze", "pdp_url": "https://sortiment.lidl.ch/de/grabkerze-0202318", "product_description": "Artikelnr.: 202318"}
{"product_name": "Passierte Tomaten Rustica", "brand": "baresa", "regular_price": 1.25, "selling_price": 1.25, "price_per_unit": "pro 720ml | 100g = 0.18 CHF", "breadcrumb": "Sortiment > Sortiment > Passierte Tomaten Rustica", "pdp_url": "https://sortiment.lidl.ch/de/passierte-tomaten-rustica-0133251", "product_description": "Artikelnr.: 133251"}
{"product_name": "Limousin", "brand": "", "regular_price": 9.99, "selling_price": 9.99, "price_per_unit": "pro 2x200g | 100g = 2.50 CHF", "breadcrumb": "Sortiment > Sortiment > Limousin", "pdp_url": "https://sortiment.lidl.ch/de/limousin-5112149", "product_description": "Artikelnr.: 5112149"}
{"product_name": "Bauernschnecke", "brand": "bonvalle", "regular_price": 3.99, "selling_price": 3.99, "price_per_unit": "pro 2x120g | 100g = 1.67 CHF", "breadcrumb": "Sortiment > Sortiment > Bauernschnecke", "pdp_url": "https://sortiment.lidl.ch/de/bauernschnecke-5106002", "product_description": "Artikelnr.: 5106002"}
{"product_name": "Bauernbratwurst", "brand": "bonvalle", "regular_price": 3.99, "selling_price": 3.99, "price_per_unit": "pro 2x120g | 100g = 1.67 CHF", "breadcrumb": "Sortiment > Sortiment > Bauernbratwurst", "pdp_url": "https://sortiment.lidl.ch/de/bauernbratwurst-5106001", "product_description": "Artikelnr.: 5106001"}
{"product_name": "Duftkerze", "brand": "", "regular_price": 1.99, "selling_price": 1.99, "price_per_unit": "pro Stück |", "breadcrumb": "Sortiment > Sortiment > Duftkerze", "pdp_url": "https://sortiment.lidl.ch/de/duftkerze-0189958", "product_description": "Artikelnr.: 189958"}
{"product_name": "Baby Reinigungs Wattepads", "brand": "lupilu", "regular_price": 2.45, "selling_price": 2.45, "price_per_unit": "pro 80 Stück | 1 Stk = 0.04 CHF", "breadcrumb": "Sortiment > Sortiment > Baby Reinigungs Wattepads", "pdp_url": "https://sortiment.lidl.ch/de/baby-reinigungs-wattepads-0190190", "product_description": "Artikelnr.: 190190"}
{"product_name": "Nature Waschmittel voll / color", "brand": "", "regular_price": 9.99, "selling_price": 9.99, "price_per_unit": "pro 2,2l | 1L = 4.55 CHF", "breadcrumb": "Sortiment > Sortiment > Nature Waschmittel voll / color", "pdp_url": "https://sortiment.lidl.ch/de/nature-waschmittel-voll-color-0167858", "product_description": "Artikelnr.: 167858"}
{"product_name": "Borotalco Deo Spray", "brand": "", "regular_price": 5.49, "selling_price": 5.49, "price_per_unit": "pro 150ml | 1L = 36.60 CHF", "breadcrumb": "Sortiment > Sortiment > Borotalco Deo Spray", "pdp_url": "https://sortiment.lidl.ch/de/borotalco-deo-spray-5112334", "product_description": "Artikelnr.: 5112334"}
{"product_name": "L'Oréal Gesichtscreme Anti-Falten", "brand": "", "regular_price": 6.49, "selling_price": 6.49, "price_per_unit": "pro 50ml | 100ML = 12.98 CHF", "breadcrumb": "Sortiment > Sortiment > L'Oréal Gesichtscreme Anti-Falten", "pdp_url": "https://sortiment.lidl.ch/de/l-oreal-gesichtscreme-anti-falten-0180530", "product_description": "Artikelnr.: 180530"}
{"product_name": "Hairvital Shampoo", "brand": "cien", "regular_price": 1.39, "selling_price": 1.39, "price_per_unit": "pro 300ml | 1L = 4.64 CHF", "breadcrumb": "Sortiment > Sortiment > Hairvital Shampoo", "pdp_url": "https://sortiment.lidl.ch/de/hairvital-shampoo-0133026", "product_description": "Artikelnr.: 133026"}
{"product_name": "Hairvital Conditioner", "brand": "cien", "regular_price": 1.19, "selling_price": 1.19, "price_per_unit": "pro 250ml | 1L = 4.76 CHF", "breadcrumb": "Sortiment > Sortiment > Hairvital Conditioner", "pdp_url": "https://sortiment.lidl.ch/de/hairvital-conditioner-0133014", "product_description": "Artikelnr.: 133014"}
{"product_name": "Sunnebrot", "brand": "", "regular_price": 2.39, "selling_price": 2.39, "price_per_unit": "pro 370g | 100g = 0.65 CHF", "breadcrumb": "Sortiment > Sortiment > Sunnebrot", "pdp_url": "https://sortiment.lidl.ch/de/sunnebrot-0210705", "product_description": "Artikelnr.: 210705 Weizenbrot. Zutaten: Weizenmehl *, Wasser, Rapsöl, Speisesalz, Hefe, Weizenkleber , Weizenquellmehl , Gerstenmalzmehl , Traubenzucker, Roggensauerteig ( Roggen ,  Wasser), Mehlbehandlungsmittel: Ascorbinsäure. Kann Spuren von Ei, Erdnüsse, Soja, Milch, Schalenfrüchte (Nüsse), Sellerie, Senf, Sesam und Sulfiten enthalten . *in IPS-Qualität. Zertifizierungsstelle: ProCert AG.  Hergestellt in der Schweiz."}
{"product_name": "Ferrero Kinder Joy", "brand": "", "regular_price": 4.49, "selling_price": 4.49, "price_per_unit": "pro 60g | 100g = 7.49 CHF", "breadcrumb": "Sortiment > Sortiment > Ferrero Kinder Joy", "pdp_url": "https://sortiment.lidl.ch/de/ferrero-kinder-joy-0007751", "product_description": "Artikelnr.: 7751"}
{"product_name": "Vitamin Well Boost", "brand": "", "regular_price": 2.25, "selling_price": 2.25, "price_per_unit": "pro 500ml | 1L = 4.50 CHF", "breadcrumb": "Sortiment > Sortiment > Vitamin Well Boost", "pdp_url": "https://sortiment.lidl.ch/de/vitamin-well-boost-5110303", "product_description": "Artikelnr.: 5110303"}
{"product_name": "Weingut Müller Grüner Veltliner 2023", "brand": "", "regular_price": 7.95, "selling_price": 7.95, "price_per_unit": "pro 0,75l | 1L = 10.60 CHF", "breadcrumb": "Sortiment > Sortiment > Weingut Müller Grüner Veltliner 2023", "pdp_url": "https://sortiment.lidl.ch/de/weingut-mueller-gruener-veltliner-2023-5008143", "product_description": "Artikelnr.: 5008143"}
{"product_name": "Bio Babynahrung Abendbrei Griess", "brand": "lupilu", "regular_price": 1.49, "selling_price": 1.49, "price_per_unit": "pro 190g | 100g = 0.79 CHF", "breadcrumb": "Sortiment > Sortiment > Bio Babynahrung Abendbrei Griess", "pdp_url": "https://sortiment.lidl.ch/de/bio-babynahrung-abendbrei-griess-0196261", "product_description": "Artikelnr.: 196261"}
{"product_name": "Bio Babynahtung Gemüse mit Poulet", "brand": "lupilu", "regular_price": 1.49, "selling_price": 1.49, "price_per_unit": "pro 190g | 100g = 0.79 CHF", "breadcrumb": "Sortiment > Sortiment > Bio Babynahtung Gemüse mit Poulet", "pdp_url": "https://sortiment.lidl.ch/de/bio-babynahtung-gemuese-mit-poulet-0193630", "product_description": "Artikelnr.: 193630"}
{"product_name": "Bio Babynahrung Bolognese", "brand": "lupilu", "regular_price": 1.59, "selling_price": 1.59, "price_per_unit": "pro 220g | 100g = 0.73 CHF", "breadcrumb": "Sortiment > Sortiment > Bio Babynahrung Bolognese", "pdp_url": "https://sortiment.lidl.ch/de/bio-babynahrung-bolognese-0138009", "product_description": "Artikelnr.: 138009"}
{"product_name": "Bio Babynahrung Gemüse, Reis, Rind", "brand": "lupilu", "regular_price": 1.69, "selling_price": 1.69, "price_per_unit": "pro 250g | 100g = 0.68 CHF", "breadcrumb": "Sortiment > Sortiment > Bio Babynahrung Gemüse, Reis, Rind", "pdp_url": "https://sortiment.lidl.ch/de/bio-babynahrung-gemuese-reis-rind-0138003", "product_description": "Artikelnr.: 138003"}
{"product_name": "Bio Babynahrung Frucht", "brand": "lupilu", "regular_price": 1.49, "selling_price": 1.49, "price_per_unit": "pro 190g | 100g = 0.79 CHF", "breadcrumb": "Sortiment > Sortiment > Bio Babynahrung Frucht", "pdp_url": "https://sortiment.lidl.ch/de/bio-babynahrung-frucht-0196979", "product_description": "Artikelnr.: 196979"}
{"product_name": "Bio Kichererbsen / rote Kidneybohnen", "brand": "freshona", "regular_price": 1.79, "selling_price": 1.79, "price_per_unit": "pro 380g | 100g = 0.48 CHF", "breadcrumb": "Sortiment > Sortiment > Bio Kichererbsen / rote Kidneybohnen", "pdp_url": "https://sortiment.lidl.ch/de/bio-kichererbsen-rote-kidneybohnen-0189289", "product_description": "Artikelnr.: 189289"}
{"product_name": "Bio Tomatenmark", "brand": "baresa", "regular_price": 1.39, "selling_price": 1.39, "price_per_unit": "pro 200g | 100g = 0.70 CHF", "breadcrumb": "Sortiment > Sortiment > Bio Tomatenmark", "pdp_url": "https://sortiment.lidl.ch/de/bio-tomatenmark-0142043", "product_description": "Artikelnr.: 142043"}
{"product_name": "Bio Haferflocken grob", "brand": "crownfield", "regular_price": 1.19, "selling_price": 1.19, "price_per_unit": "pro 500g | 100g = 0.24 CHF", "breadcrumb": "Sortiment > Sortiment > Bio Haferflocken grob", "pdp_url": "https://sortiment.lidl.ch/de/bio-haferflocken-grob-0149970", "product_description": "Artikelnr.: 149970"}
{"product_name": "Haferflocken grob", "brand": "crownfield", "regular_price": 0.75, "selling_price": 0.75, "price_per_unit": "pro 500g | 100g = 0.15 CHF", "breadcrumb": "Sortiment > Sortiment > Haferflocken grob", "pdp_url": "https://sortiment.lidl.ch/de/haferflocken-grob-0051958", "product_description": "Artikelnr.: 51958"}
{"product_name": "Haferflocken zart", "brand": "crownfield", "regular_price": 0.75, "selling_price": 0.75, "price_per_unit": "pro 500g | 100g = 0.15 CHF", "breadcrumb": "Sortiment > Sortiment > Haferflocken zart", "pdp_url": "https://sortiment.lidl.ch/de/haferflocken-zart-0019661", "product_description": "Artikelnr.: 19661"}
{"product_name": "Schokolade-Späne", "brand": "belbake", "regular_price": 1.99, "selling_price": 1.99, "price_per_unit": "pro 100g |", "breadcrumb": "Sortiment > Sortiment > Schokolade-Späne", "pdp_url": "https://sortiment.lidl.ch/de/schokolade-spaene-0138281", "product_description": "Artikelnr.: 138281"}
{"product_name": "Flying Goose Sriracha Sauce", "brand": "", "regular_price": 4.89, "selling_price": 4.89, "price_per_unit": "pro 455ml | 1L = 10.75 CHF", "breadcrumb": "Sortiment > Sortiment > Flying Goose Sriracha Sauce", "pdp_url": "https://sortiment.lidl.ch/de/flying-goose-sriracha-sauce-7715217", "product_description": "Artikelnr.: 7715217"}
{"product_name": "PicNic Eier Freilandhaltung", "brand": "", "regular_price": 3.45, "selling_price": 3.45, "price_per_unit": "pro 6 Stück | 1 Stk = 0.58 CHF", "breadcrumb": "Sortiment > Sortiment > PicNic Eier Freilandhaltung", "pdp_url": "https://sortiment.lidl.ch/de/picnic-eier-freilandhaltung-5111997", "product_description": "Artikelnr.: 5111997"}
{"product_name": "Eier Bodenhaltung", "brand": "", "regular_price": 4.25, "selling_price": 4.25, "price_per_unit": "pro 15 Stück | 1 Stk = 0.29 CHF", "breadcrumb": "Sortiment > Sortiment > Eier Bodenhaltung", "pdp_url": "https://sortiment.lidl.ch/de/eier-bodenhaltung-5111987", "product_description": "Artikelnr.: 5111987"}
{"product_name": "Bio Kokos-Reis Drink", "brand": "vemondo", "regular_price": 1.99, "selling_price": 1.99, "price_per_unit": "pro 1l |", "breadcrumb": "Sortiment > Sortiment > Bio Kokos-Reis Drink", "pdp_url": "https://sortiment.lidl.ch/de/bio-kokos-reis-drink-6011553", "product_description": "Artikelnr.: 6011553"}
{"product_name": "Pizza", "brand": "chef_select", "regular_price": 2.69, "selling_price": 2.69, "price_per_unit": "pro 430g | 100g = 0.63 CHF", "breadcrumb": "Sortiment > Sortiment > Pizza", "pdp_url": "https://sortiment.lidl.ch/de/pizza-0211501", "product_description": "Artikelnr.: 211501"}
{"product_name": "Schweizer Joghurt Birchermüsli", "brand": "milbona", "regular_price": 0.65, "selling_price": 0.65, "price_per_unit": "pro 200g | 100g = 0.33 CHF", "breadcrumb": "Sortiment > Sortiment > Schweizer Joghurt Birchermüsli", "pdp_url": "https://sortiment.lidl.ch/de/schweizer-joghurt-birchermuesli-5100400", "product_description": "Artikelnr.: 5100400"}
{"product_name": "Schweizer Joghurt Aprikose", "brand": "milbona", "regular_price": 0.65, "selling_price": 0.65, "price_per_unit": "pro 200g | 100g = 0.33 CHF", "breadcrumb": "Sortiment > Sortiment > Schweizer Joghurt Aprikose", "pdp_url": "https://sortiment.lidl.ch/de/schweizer-joghurt-aprikose-5100399", "product_description": "Artikelnr.: 5100399"}
{"product_name": "Schweizer Joghurt Erdbeere", "brand": "milbona", "regular_price": 0.65, "selling_price": 0.65, "price_per_unit": "pro 200g | 100g = 0.33 CHF", "breadcrumb": "Sortiment > Sortiment > Schweizer Joghurt Erdbeere", "pdp_url": "https://sortiment.lidl.ch/de/schweizer-joghurt-erdbeere-5100398", "product_description": "Artikelnr.: 5100398"}
{"product_name": "Schweizer Joghurt Haselnuss", "brand": "milbona", "regular_price": 0.65, "selling_price": 0.65, "price_per_unit": "pro 200g | 100g = 0.33 CHF", "breadcrumb": "Sortiment > Sortiment > Schweizer Joghurt Haselnuss", "pdp_url": "https://sortiment.lidl.ch/de/schweizer-joghurt-haselnuss-5100395", "product_description": "Artikelnr.: 5100395"}
{"product_name": "Schweizer Joghurt Himbeere", "brand": "milbona", "regular_price": 0.65, "selling_price": 0.65, "price_per_unit": "pro 200g | 100g = 0.33 CHF", "breadcrumb": "Sortiment > Sortiment > Schweizer Joghurt Himbeere", "pdp_url": "https://sortiment.lidl.ch/de/schweizer-joghurt-himbeere-5100394", "product_description": "Artikelnr.: 5100394"}
{"product_name": "Schweizer Joghurt Waldfrucht", "brand": "milbona", "regular_price": 0.65, "selling_price": 0.65, "price_per_unit": "pro 200g | 100g = 0.33 CHF", "breadcrumb": "Sortiment > Sortiment > Schweizer Joghurt Waldfrucht", "pdp_url": "https://sortiment.lidl.ch/de/schweizer-joghurt-waldfrucht-5100393", "product_description": "Artikelnr.: 5100393"}
{"product_name": "Schweizer Joghurt Vanille", "brand": "milbona", "regular_price": 0.65, "selling_price": 0.65, "price_per_unit": "pro 200g | 100g = 0.33 CHF", "breadcrumb": "Sortiment > Sortiment > Schweizer Joghurt Vanille", "pdp_url": "https://sortiment.lidl.ch/de/schweizer-joghurt-vanille-5100388", "product_description": "Artikelnr.: 5100388"}
{"product_name": "Schweizer Joghurt Pêche-Melba", "brand": "milbona", "regular_price": 0.65, "selling_price": 0.65, "price_per_unit": "pro 200g | 100g = 0.33 CHF", "breadcrumb": "Sortiment > Sortiment > Schweizer Joghurt Pêche-Melba", "pdp_url": "https://sortiment.lidl.ch/de/schweizer-joghurt-peche-melba-5100387", "product_description": "Artikelnr.: 5100387"}
{"product_name": "Schweizer Joghurt Heidelbeer", "brand": "milbona", "regular_price": 0.65, "selling_price": 0.65, "price_per_unit": "pro 200g | 100g = 0.33 CHF", "breadcrumb": "Sortiment > Sortiment > Schweizer Joghurt Heidelbeer", "pdp_url": "https://sortiment.lidl.ch/de/schweizer-joghurt-heidelbeer-5100386", "product_description": "Artikelnr.: 5100386"}
{"product_name": "Skyr to go", "brand": "milbona", "regular_price": 2.99, "selling_price": 2.99, "price_per_unit": "pro 4x100g | 100g = 0.75 CHF", "breadcrumb": "Sortiment > Sortiment > Skyr to go", "pdp_url": "https://sortiment.lidl.ch/de/skyr-to-go-0133678", "product_description": "Artikelnr.: 133678"}
{"product_name": "ASC Pangasiusknusperli", "brand": "ocean_sea", "regular_price": 6.99, "selling_price": 6.99, "price_per_unit": "pro 720g | 100g = 0.98 CHF", "breadcrumb": "Sortiment > Sortiment > ASC Pangasiusknusperli", "pdp_url": "https://sortiment.lidl.ch/de/asc-pangasiusknusperli-5111965", "product_description": "Artikelnr.: 5111965"}
{"product_name": "MSC Wildlachsfilet im Blätterteig", "brand": "ocean_sea", "regular_price": 5.89, "selling_price": 5.89, "price_per_unit": "pro 300g | 100g = 1.97 CHF", "breadcrumb": "Sortiment > Sortiment > MSC Wildlachsfilet im Blätterteig", "pdp_url": "https://sortiment.lidl.ch/de/msc-wildlachsfilet-im-blaetterteig-0195291", "product_description": "Artikelnr.: 195291"}
{"product_name": "ASC Lachsfilet", "brand": "ocean_sea", "regular_price": 5.95, "selling_price": 5.95, "price_per_unit": "pro 2x125g | 100g = 2.38 CHF", "breadcrumb": "Sortiment > Sortiment > ASC Lachsfilet", "pdp_url": "https://sortiment.lidl.ch/de/asc-lachsfilet-0187413", "product_description": "Artikelnr.: 187413"}
{"product_name": "Eiscreme", "brand": "", "regular_price": 2.99, "selling_price": 2.99, "price_per_unit": "pro 1000ml |", "breadcrumb": "Sortiment > Sortiment > Eiscreme", "pdp_url": "https://sortiment.lidl.ch/de/eiscreme-0153116", "product_description": "Artikelnr.: 153116"}
{"product_name": "Sweet Strawberries", "brand": "sweet_corner", "regular_price": 1.99, "selling_price": 1.99, "price_per_unit": "pro 300g | 100g = 0.67 CHF", "breadcrumb": "Sortiment > Sortiment > Sweet Strawberries", "pdp_url": "https://sortiment.lidl.ch/de/sweet-strawberries-5718001", "product_description": "Artikelnr.: 5718001"}
{"product_name": "Landrauchschinken", "brand": "maestade", "regular_price": 3.89, "selling_price": 3.89, "price_per_unit": "pro 100g |", "breadcrumb": "Sortiment > Sortiment > Landrauchschinken", "pdp_url": "https://sortiment.lidl.ch/de/landrauchschinken-5112076", "product_description": "Artikelnr.: 5112076"}
{"product_name": "Olivenvariationen mit Stein", "brand": "", "regular_price": 1.99, "selling_price": 1.99, "price_per_unit": "pro 150g | 100g = 1.33 CHF", "breadcrumb": "Sortiment > Sortiment > Olivenvariationen mit Stein", "pdp_url": "https://sortiment.lidl.ch/de/olivenvariationen-mit-stein-0204369", "product_description": "Artikelnr.: 204369"}
{"product_name": "Bio Antipasti", "brand": "", "regular_price": 2.49, "selling_price": 2.49, "price_per_unit": "pro 150g | 100g = 1.66 CHF", "breadcrumb": "Sortiment > Sortiment > Bio Antipasti", "pdp_url": "https://sortiment.lidl.ch/de/bio-antipasti-0189763", "product_description": "Artikelnr.: 189763"}
{"product_name": "Bio Oliven", "brand": "", "regular_price": 2.49, "selling_price": 2.49, "price_per_unit": "pro 150g | 100g = 1.66 CHF", "breadcrumb": "Sortiment > Sortiment > Bio Oliven", "pdp_url": "https://sortiment.lidl.ch/de/bio-oliven-0189760", "product_description": "Artikelnr.: 189760"}
{"product_name": "Mini Käse Snack", "brand": "milbona", "regular_price": 1.99, "selling_price": 1.99, "price_per_unit": "pro 120g | 100g = 1.66 CHF", "breadcrumb": "Sortiment > Sortiment > Mini Käse Snack", "pdp_url": "https://sortiment.lidl.ch/de/mini-kaese-snack-0195563", "product_description": "Artikelnr.: 195563"}
{"product_name": "Schinkengipfeli", "brand": "culinea", "regular_price": 5.89, "selling_price": 5.89, "price_per_unit": "pro 12x42g | 100g = 1.17 CHF", "breadcrumb": "Sortiment > Sortiment > Schinkengipfeli", "pdp_url": "https://sortiment.lidl.ch/de/schinkengipfeli-5111922", "product_description": "Artikelnr.: 5111922"}
{"product_name": "Tessinerbrot", "brand": "", "regular_price": 1.99, "selling_price": 1.49, "price_per_unit": "pro 400g | 100g = 0.38 CHF", "breadcrumb": "Sortiment > Sortiment > Tessinerbrot", "pdp_url": "https://sortiment.lidl.ch/de/tessinerbrot-0205407", "product_description": "Artikelnr.: 205407 Hinweis: Bitte gleiche die Artikelnummer auf dem Preisschild mit bei der Zutatenliste stehenden Artikelnummer ab. Je nach Region sind unterschiedliche Lieferanten möglich. Artikelnummer: 205407 - Tessinerbrot. Zutaten: Weizenmehl , Wasser, Rapsöl, Eier* , Hefe, Speisesalz, Weizenkleber, Weizenquellmehl,  Eiweiss*, Traubenzucker , Gerstenmalzmehl, Milcheiweiss , Sauerteig (enthält Roggen ), Mehlbehandlungsmittel: Ascorbinsäure. Kann Spuren von Erdnüsse, Soja, Schalenfrüchte (Nüsse), Sellerie, Senf, Sesam und Sulfiten enthalten. *aus Freilandhaltung. Hergestellt in der Schweiz. Artikelnummer: 5111449 - Tessinerbrot. Zutaten: 55,5% Weizenmehl , Wasser, Rapsöl, Backhefe, Speisesalz, 0,8% Weizeneiweiss , Malzmehl (Gerste, Weizen) , Dextrose, Sauerteig getrocknet (Weizen, Roggen), Weizengluten, Dinkelmehl, Roggenmehl, Zucker, Erbsenprotein, Sonnenblumenöl, Stärke, Acerolafruchtpulver (auf Maltodextrin), Mehlbehandlungsmittel: Ascorbinsäure. Kann Spuren von Ei, Erdnüsse, Soja, Milch, Schalenfrüchte (Nüsse), Sellerie, Senf, Sesam und Sulfiten enthalten. Hergestellt in der Schweiz."}
{"product_name": "Way to go dunkle Schokolade", "brand": "fairglobe", "regular_price": 2.39, "selling_price": 2.39, "price_per_unit": "pro 180g | 100g = 1.33 CHF", "breadcrumb": "Sortiment > Sortiment > Way to go dunkle Schokolade", "pdp_url": "https://sortiment.lidl.ch/de/way-to-go-dunkle-schokolade-0181056", "product_description": "Artikelnr.: 181056"}
{"product_name": "Pane Maggia", "brand": "", "regular_price": 2.99, "selling_price": 2.99, "price_per_unit": "pro 400g | 100g = 0.75 CHF", "breadcrumb": "Sortiment > Sortiment > Pane Maggia", "pdp_url": "https://sortiment.lidl.ch/de/pane-maggia-0205406", "product_description": "Artikelnr.: 205406 Weizenbrot. Zutaten: Weizenmehl , Wasser, Speisesalz, Sauerteig ( Roggen , Wasser), Hefe, Weizenkleber , Dextrose, geröstetes Weizenmalzmehl , Acerolapulver (auf Maltodextrin), Gerstenmalzmehl , Mehlbehandlungsmittel: Ascorbinsäure. Kann Spuren von Eiern, Erdnüssen, Soja, Milch, Schalenfrüchte (Nüsse), Sellerie, Senf, Sesam und Sulfiten enthalten. Hergestellt in der Schweiz."}
{"product_name": "Bio Usserrhödler", "brand": "fromani", "regular_price": 3.99, "selling_price": 3.99, "price_per_unit": "pro 200g | 100g = 2.00 CHF", "breadcrumb": "Sortiment > Sortiment > Bio Usserrhödler", "pdp_url": "https://sortiment.lidl.ch/de/bio-usserrhoedler-5111763", "product_description": "Artikelnr.: 5111763"}
{"product_name": "Kompostbeutel", "brand": "purio", "regular_price": 2.49, "selling_price": 2.49, "price_per_unit": "pro 15 Stück |", "breadcrumb": "Sortiment > Sortiment > Kompostbeutel", "pdp_url": "https://sortiment.lidl.ch/de/kompostbeutel-0160705", "product_description": "Artikelnr.: 160705"}
{"product_name": "Instant Kaffee entkoffeiniert", "brand": "bellarom", "regular_price": 3.89, "selling_price": 3.89, "price_per_unit": "pro 200g | 100g = 1.95 CHF", "breadcrumb": "Sortiment > Sortiment > Instant Kaffee entkoffeiniert", "pdp_url": "https://sortiment.lidl.ch/de/instant-kaffee-entkoffeiniert-0152006", "product_description": "Artikelnr.: 152006"}
{"product_name": "Vegan Block Greek Style", "brand": "vemondo", "regular_price": 2.99, "selling_price": 2.99, "price_per_unit": "pro 150g | 100g = 2.00 CHF", "breadcrumb": "Sortiment > Sortiment > Vegan Block Greek Style", "pdp_url": "https://sortiment.lidl.ch/de/vegan-block-greek-style-6611469", "product_description": "Artikelnr.: 6611469"}
{"product_name": "Liebling der Apfelkönigin", "brand": "", "regular_price": 2.79, "selling_price": 2.79, "price_per_unit": "pro 6Stk. | 1 Stk = 0.47 CHF", "breadcrumb": "Sortiment > Sortiment > Liebling der Apfelkönigin", "pdp_url": "https://sortiment.lidl.ch/de/liebling-der-apfelkoenigin-0080224", "product_description": "Artikelnr.: 80224"}
{"product_name": "Kalkstopp-Tabs", "brand": "w5", "regular_price": 6.89, "selling_price": 6.89, "price_per_unit": "pro 60x16g | 100g = 0.72 CHF", "breadcrumb": "Sortiment > Sortiment > Kalkstopp-Tabs", "pdp_url": "https://sortiment.lidl.ch/de/kalkstopp-tabs-0195219", "product_description": "Artikelnr.: 195219"}
{"product_name": "Mentos Bonbons", "brand": "mentos", "regular_price": 1.49, "selling_price": 1.49, "price_per_unit": "pro 2x38g | 100g = 1.97 CHF", "breadcrumb": "Sortiment > Sortiment > Mentos Bonbons", "pdp_url": "https://sortiment.lidl.ch/de/mentos-bonbons-0184289", "product_description": "Artikelnr.: 184289"}
{"product_name": "Mandelgebäck", "brand": "sondey", "regular_price": 3.69, "selling_price": 3.69, "price_per_unit": "pro 175g | 100g = 2.11 CHF", "breadcrumb": "Sortiment > Sortiment > Mandelgebäck", "pdp_url": "https://sortiment.lidl.ch/de/mandelgebaeck-7400081", "product_description": "Artikelnr.: 7400081"}
{"product_name": "Safran", "brand": "kania", "regular_price": 1.65, "selling_price": 1.65, "price_per_unit": "pro 375mg, 400mg | 10g = 0.01, 0.01 CHF", "breadcrumb": "Sortiment > Sortiment > Safran", "pdp_url": "https://sortiment.lidl.ch/de/safran-5717931", "product_description": "Artikelnr.: 5717931"}
{"product_name": "Pak Choi 2 Stk", "brand": "", "regular_price": 1.39, "selling_price": 0.99, "price_per_unit": "pro 2 Stk. |", "breadcrumb": "Sortiment > Sortiment > Pak Choi 2 Stk", "pdp_url": "https://sortiment.lidl.ch/de/pak-choi-2-stk-0082923", "product_description": "Artikelnr.: 82923"}
{"product_name": "Bio Teigwaren Spätzli / Knöpfli", "brand": "chef_select", "regular_price": 2.99, "selling_price": 2.99, "price_per_unit": "pro 500g | 100g = 0.60 CHF", "breadcrumb": "Sortiment > Sortiment > Bio Teigwaren Spätzli / Knöpfli", "pdp_url": "https://sortiment.lidl.ch/de/bio-teigwaren-spaetzli-knoepfli-5110088", "product_description": "Artikelnr.: 5110088"}
{"product_name": "Faustino VII Tempranillo", "brand": "", "regular_price": 8.99, "selling_price": 8.99, "price_per_unit": "pro 0,75l | 1L = 11.99 CHF", "breadcrumb": "Sortiment > Sortiment > Faustino VII Tempranillo", "pdp_url": "https://sortiment.lidl.ch/de/faustino-vii-tempranillo-5105311", "product_description": "Artikelnr.: 5105311"}
{"product_name": "Bio Büffelmozzarella", "brand": "milbona", "regular_price": 2.99, "selling_price": 2.99, "price_per_unit": "pro 125g | 100g = 2.40 CHF", "breadcrumb": "Sortiment > Sortiment > Bio Büffelmozzarella", "pdp_url": "https://sortiment.lidl.ch/de/bio-bueffelmozzarella-6005820", "product_description": "Artikelnr.: 6005820"}
{"product_name": "Camille Bloch Tafeln Kirsch / Williams", "brand": "", "regular_price": 3.19, "selling_price": 3.19, "price_per_unit": "pro 100g |", "breadcrumb": "Sortiment > Sortiment > Camille Bloch Tafeln Kirsch / Williams", "pdp_url": "https://sortiment.lidl.ch/de/camille-bloch-tafeln-kirsch-williams-5112268", "product_description": "Artikelnr.: 5112268"}
{"product_name": "Stärnächäs Extra Würzig", "brand": "", "regular_price": 3.99, "selling_price": 3.99, "price_per_unit": "pro 200g | 100g = 2.00 CHF", "breadcrumb": "Sortiment > Sortiment > Stärnächäs Extra Würzig", "pdp_url": "https://sortiment.lidl.ch/de/staernaechaes-extra-wuerzig-5107534", "product_description": "Artikelnr.: 5107534"}
{"product_name": "Alpstein Bergkäse", "brand": "", "regular_price": 3.49, "selling_price": 3.49, "price_per_unit": "pro 200g | 100g = 1.75 CHF", "breadcrumb": "Sortiment > Sortiment > Alpstein Bergkäse", "pdp_url": "https://sortiment.lidl.ch/de/alpstein-bergkaese-5104165", "product_description": "Artikelnr.: 5104165"}
{"product_name": "Findus Schweizer Rahmspinat", "brand": "findus", "regular_price": 5.95, "selling_price": 5.95, "price_per_unit": "pro 750g | 100g = 0.80 CHF", "breadcrumb": "Sortiment > Sortiment > Findus Schweizer Rahmspinat", "pdp_url": "https://sortiment.lidl.ch/de/findus-schweizer-rahmspinat-5112261", "product_description": "Artikelnr.: 5112261"}
{"product_name": "Terra Natura Baguette Rustique", "brand": "", "regular_price": 3.29, "selling_price": 2.79, "price_per_unit": "pro 410g | LP 100g = 0.69 CHF", "breadcrumb": "Sortiment > Sortiment > Terra Natura Baguette Rustique", "pdp_url": "https://sortiment.lidl.ch/de/terra-natura-baguette-rustique-5111837", "product_description": "Artikelnr.: 5111837 Baguette Rustique. Zutaten: 49% Weizenmehl *, Wasser, Speisesalz, Sonnenblumenkerne, Haferflocken , Leinsamen, Sesam , Backhefe, Weizenprotein , Malz ( Gerste , Weizen ), Mohn, Hirse, Säuerungsmittel: Weinsäure (L+), Milchsäure, Citronensäure, Acerolafruchtpulver (Trägerstoff: Maltodextrin), Mehlbehandlungsmittel: Ascorbinsäure. Kann Spuren von Ei, Erdnüssen, Soja, Milch, Schalenfrüchten (Nüssen), Sellerie, Senf und Sulfiten enthalten. Hergestellt in der Schweiz. *aus IPS Produktion."}
{"product_name": "Flammkuchen- / Focacciateig", "brand": "chef_select_you", "regular_price": 1.65, "selling_price": 1.65, "price_per_unit": "pro 300g, 385g | 100g = 0.55, 0.43 CHF", "breadcrumb": "Sortiment > Sortiment > Flammkuchen- / Focacciateig", "pdp_url": "https://sortiment.lidl.ch/de/flammkuchen-focacciateig-0207229", "product_description": "Artikelnr.: 207229"}
{"product_name": "Savogniner Bergkäse", "brand": "", "regular_price": 3.99, "selling_price": 3.99, "price_per_unit": "pro 200g | 100g = 2.00 CHF", "breadcrumb": "Sortiment > Sortiment > Savogniner Bergkäse", "pdp_url": "https://sortiment.lidl.ch/de/savogniner-bergkaese-5107533", "product_description": "Artikelnr.: 5107533"}
{"product_name": "Bio Alpstein Bergkäse", "brand": "fromani", "regular_price": 3.99, "selling_price": 3.99, "price_per_unit": "pro 200g | 100g = 2.00 CHF", "breadcrumb": "Sortiment > Sortiment > Bio Alpstein Bergkäse", "pdp_url": "https://sortiment.lidl.ch/de/bio-alpstein-bergkaese-5103166", "product_description": "Artikelnr.: 5103166"}
{"product_name": "Toggenburger Bergkäse", "brand": "", "regular_price": 3.99, "selling_price": 3.99, "price_per_unit": "pro 200g | 100g = 2.00 CHF", "breadcrumb": "Sortiment > Sortiment > Toggenburger Bergkäse", "pdp_url": "https://sortiment.lidl.ch/de/toggenburger-bergkaese-5102782", "product_description": "Artikelnr.: 5102782"}
{"product_name": "Alu-Kaffekapseln Classico Espresso", "brand": "bellarom", "regular_price": 3.95, "selling_price": 3.95, "price_per_unit": "pro 20 Stück | 100g = 19.75, 3.53 CHF", "breadcrumb": "Sortiment > Sortiment > Alu-Kaffekapseln Classico Espresso", "pdp_url": "https://sortiment.lidl.ch/de/alu-kaffekapseln-classico-espresso-0180399", "product_description": "Artikelnr.: 180399"}
{"product_name": "Kukident Haftcreme", "brand": "kukident", "regular_price": 4.95, "selling_price": 4.95, "price_per_unit": "pro 47g | 100g = 10.54 CHF", "breadcrumb": "Sortiment > Sortiment > Kukident Haftcreme", "pdp_url": "https://sortiment.lidl.ch/de/kukident-haftcreme-1800240", "product_description": "Artikelnr.: 1800240"}
{"product_name": "Camille Bloch Ragusa Tafeln", "brand": "", "regular_price": 2.65, "selling_price": 2.65, "price_per_unit": "pro 100g |", "breadcrumb": "Sortiment > Sortiment > Camille Bloch Ragusa Tafeln", "pdp_url": "https://sortiment.lidl.ch/de/camille-bloch-ragusa-tafeln-5112263", "product_description": "Artikelnr.: 5112263"}
{"product_name": "Früchtetee", "brand": "lord_nelson", "regular_price": 1.59, "selling_price": 1.59, "price_per_unit": "pro 25x3g | 100g = 2.12 CHF", "breadcrumb": "Sortiment > Sortiment > Früchtetee", "pdp_url": "https://sortiment.lidl.ch/de/fruechtetee-0125835", "product_description": "Artikelnr.: 125835"}
{"product_name": "Rindersalami", "brand": "maestade", "regular_price": 6.99, "selling_price": 6.99, "price_per_unit": "pro 180g | 100g = 3.89 CHF", "breadcrumb": "Sortiment > Sortiment > Rindersalami", "pdp_url": "https://sortiment.lidl.ch/de/rindersalami-5112078", "product_description": "Artikelnr.: 5112078"}
{"product_name": "Sulz mit Schinken & Russischem Salat", "brand": "", "regular_price": 2.99, "selling_price": 2.99, "price_per_unit": "pro 120g | 100g = 2.50 CHF", "breadcrumb": "Sortiment > Sortiment > Sulz mit Schinken & Russischem Salat", "pdp_url": "https://sortiment.lidl.ch/de/sulz-mit-schinken-russischem-salat-5112093", "product_description": "Artikelnr.: 5112093"}
{"product_name": "Schmand", "brand": "milbona", "regular_price": 2.39, "selling_price": 2.39, "price_per_unit": "pro 200g | 100g = 1.20 CHF", "breadcrumb": "Sortiment > Sortiment > Schmand", "pdp_url": "https://sortiment.lidl.ch/de/schmand-5111785", "product_description": "Artikelnr.: 5111785"}
{"product_name": "Frittieröl", "brand": "vita_dor", "regular_price": 4.79, "selling_price": 4.79, "price_per_unit": "pro 1l |", "breadcrumb": "Sortiment > Sortiment > Frittieröl", "pdp_url": "https://sortiment.lidl.ch/de/frittieroel-5111786", "product_description": "Artikelnr.: 5111786"}
{"product_name": "Alu-Kaffekapseln Gold Lungo", "brand": "bellarom", "regular_price": 3.95, "selling_price": 3.95, "price_per_unit": "pro 20 Stück | 100g = 19.75, 3.41 CHF", "breadcrumb": "Sortiment > Sortiment > Alu-Kaffekapseln Gold Lungo", "pdp_url": "https://sortiment.lidl.ch/de/alu-kaffekapseln-gold-lungo-0177840", "product_description": "Artikelnr.: 177840"}
{"product_name": "ASC Lachsfilet mit Haut", "brand": "", "regular_price": 9.95, "selling_price": 9.95, "price_per_unit": "pro 300g | 100g = 3.32 CHF", "breadcrumb": "Sortiment > Sortiment > ASC Lachsfilet mit Haut", "pdp_url": "https://sortiment.lidl.ch/de/asc-lachsfilet-mit-haut-0166013", "product_description": "Artikelnr.: 166013"}
{"product_name": "Terra Natura Kalbsplätzli", "brand": "bonvalle", "regular_price": 14.99, "selling_price": 14.99, "price_per_unit": "pro 200g | 100g = 7.50 CHF", "breadcrumb": "Sortiment > Sortiment > Terra Natura Kalbsplätzli", "pdp_url": "https://sortiment.lidl.ch/de/terra-natura-kalbsplaetzli-5109115", "product_description": "Artikelnr.: 5109115"}
{"product_name": "Terra Natura Krustenbaguette", "brand": "", "regular_price": 3.29, "selling_price": 3.29, "price_per_unit": "pro 400g | 100g = 0.83 CHF", "breadcrumb": "Sortiment > Sortiment > Terra Natura Krustenbaguette", "pdp_url": "https://sortiment.lidl.ch/de/terra-natura-krustenbaguette-5111838", "product_description": "Artikelnr.: 5111838 Hinweis: Bitte gleiche die Artikelnummer auf dem Preisschild mit bei der Zutatenliste stehenden Artikelnummer ab. Je nach Region sind unterschiedliche Lieferanten möglich. Artikelnummer: 5111838 - Krustenbaguette. Zutaten: 54% Weizenmehl *, Wasser, Speisesalz, Backhefe, Weizenprotein , Malz ( Gerste , Weizen ), Säuerungsmittel: Weinsäure (L+), Milchsäure, Citronensäure, Natriumacetate, Acerolafruchtpulver (auf Maltodextrin), Mehlbehandlungsmittel: Ascorbinsäure. Kann Spuren von Ei, Erdnüssen, Soja, Milch, Schalenfrüchten (Nüssen), Sellerie, Senf, Sesam und Sulfiten enthalten. Hergestellt in der Schweiz. *aus IPS Produktion. Artikelnummer: 153446 - Krustenbaguette. Zutaten: Weizenmehl , Wasser, Weizenkleber , Speisesalz, Hefe, Gerstenmalzmehl , geröstetes Gerstenmalzmehl , Sauerteig (enthält Roggen ), Mehlbehandlungsmittel: Ascorbinsäure. Kann Spuren von Eiern, Erdnüssen, Soja, Milch, Schalenfrüchte (Nüsse), Sellerie, Senf, Sesam und Sulfiten enthalten. Hergestellt in der Schweiz."}
{"product_name": "Spaghetti mit Sauce", "brand": "combino", "regular_price": 1.99, "selling_price": 1.99, "price_per_unit": "pro 315g, 397g | 100g = 0.64, 0.51 CHF", "breadcrumb": "Sortiment > Sortiment > Spaghetti mit Sauce", "pdp_url": "https://sortiment.lidl.ch/de/spaghetti-mit-sauce-7700523", "product_description": "Artikelnr.: 7700523"}
{"product_name": "Bio Falafel/Gemüse Burger", "brand": "vemondo", "regular_price": 3.79, "selling_price": 3.79, "price_per_unit": "pro 2x100g | 100g = 1.90 CHF", "breadcrumb": "Sortiment > Sortiment > Bio Falafel/Gemüse Burger", "pdp_url": "https://sortiment.lidl.ch/de/bio-falafel-gemuese-burger-5112226", "product_description": "Artikelnr.: 5112226"}
{"product_name": "Bio Falafel/Gemüse Kugeln", "brand": "vemondo", "regular_price": 2.99, "selling_price": 2.99, "price_per_unit": "pro 200g | 100g = 1.50 CHF", "breadcrumb": "Sortiment > Sortiment > Bio Falafel/Gemüse Kugeln", "pdp_url": "https://sortiment.lidl.ch/de/bio-falafel-gemuese-kugeln-5112225", "product_description": "Artikelnr.: 5112225"}
{"product_name": "BIO Weiderind Stotzen- Medaillon", "brand": "bonvalle", "regular_price": 4.99, "selling_price": 4.99, "price_per_unit": "pro 100g, ca. 180-220g |", "breadcrumb": "Sortiment > Sortiment > BIO Weiderind Stotzen- Medaillon", "pdp_url": "https://sortiment.lidl.ch/de/bio-weiderind-stotzen-medaillon-5109965", "product_description": "Artikelnr.: 5109965"}
{"product_name": "Bio Weiderind Geschnetzeltes", "brand": "bonvalle", "regular_price": 8.99, "selling_price": 8.99, "price_per_unit": "pro 300g | 100g = 3.00 CHF", "breadcrumb": "Sortiment > Sortiment > Bio Weiderind Geschnetzeltes", "pdp_url": "https://sortiment.lidl.ch/de/bio-weiderind-geschnetzeltes-5105986", "product_description": "Artikelnr.: 5105986"}
{"product_name": "Bio Weiderind Voressen", "brand": "bonvalle", "regular_price": 8.99, "selling_price": 8.99, "price_per_unit": "pro 350g | 100g = 2.57 CHF", "breadcrumb": "Sortiment > Sortiment > Bio Weiderind Voressen", "pdp_url": "https://sortiment.lidl.ch/de/bio-weiderind-voressen-5105985", "product_description": "Artikelnr.: 5105985"}
{"product_name": "Asiacracker", "brand": "alesto", "regular_price": 2.99, "selling_price": 2.99, "price_per_unit": "pro 150g, 200g | 100g = 2.00, 1.50 CHF", "breadcrumb": "Sortiment > Sortiment > Asiacracker", "pdp_url": "https://sortiment.lidl.ch/de/asiacracker-6604687", "product_description": "Artikelnr.: 6604687"}
{"product_name": "Crunchy Müesli Schoko-Hafer", "brand": "crownfield", "regular_price": 2.39, "selling_price": 2.39, "price_per_unit": "pro 600g | 100g = 0.40 CHF", "breadcrumb": "Sortiment > Sortiment > Crunchy Müesli Schoko-Hafer", "pdp_url": "https://sortiment.lidl.ch/de/crunchy-mueesli-schoko-hafer-0078149", "product_description": "Artikelnr.: 78149"}
{"product_name": "Pizza Mozzarella", "brand": "milbona", "regular_price": 2.29, "selling_price": 2.29, "price_per_unit": "pro 400g | 100g = 0.58 CHF", "breadcrumb": "Sortiment > Sortiment > Pizza Mozzarella", "pdp_url": "https://sortiment.lidl.ch/de/pizza-mozzarella-5112204", "product_description": "Artikelnr.: 5112204"}
{"product_name": "MSC Sockeye Wildlachsfilet", "brand": "deluxe", "regular_price": 4.99, "selling_price": 4.99, "price_per_unit": "pro 100g, ca. 160-200g |", "breadcrumb": "Sortiment > Sortiment > MSC Sockeye Wildlachsfilet", "pdp_url": "https://sortiment.lidl.ch/de/msc-sockeye-wildlachsfilet-5111871", "product_description": "Artikelnr.: 5111871"}
{"product_name": "BIO Weiderind Hackfleisch", "brand": "bonvalle", "regular_price": 6.99, "selling_price": 6.99, "price_per_unit": "pro 350g | 100g = 2.00 CHF", "breadcrumb": "Sortiment > Sortiment > BIO Weiderind Hackfleisch", "pdp_url": "https://sortiment.lidl.ch/de/bio-weiderind-hackfleisch-5107934", "product_description": "Artikelnr.: 5107934"}
{"product_name": "WC Reiniger", "brand": "w5", "regular_price": 1.19, "selling_price": 1.19, "price_per_unit": "pro 1000ml |", "breadcrumb": "Sortiment > Sortiment > WC Reiniger", "pdp_url": "https://sortiment.lidl.ch/de/wc-reiniger-0171177", "product_description": "Artikelnr.: 171177"}
{"product_name": "Suavel Protec Hygienemaske Typ II", "brand": "", "regular_price": 4.99, "selling_price": 4.99, "price_per_unit": "pro 50 Stück | 1 Stk = 0.10 CHF", "breadcrumb": "Sortiment > Sortiment > Suavel Protec Hygienemaske Typ II", "pdp_url": "https://sortiment.lidl.ch/de/suavel-protec-hygienemaske-typ-ii-5112259", "product_description": "Artikelnr.: 5112259"}
{"product_name": "Zuckermühle Rupperswil Rohzucker aus Zuckerrrohr", "brand": "", "regular_price": 2.29, "selling_price": 2.29, "price_per_unit": "pro 1000g |", "breadcrumb": "Sortiment > Sortiment > Zuckermühle Rupperswil Rohzucker aus Zuckerrrohr", "pdp_url": "https://sortiment.lidl.ch/de/zuckermuehle-rupperswil-rohzucker-aus-zuckerrrohr-5111904", "product_description": "Artikelnr.: 5111904"}
{"product_name": "Knabbersnacks", "brand": "coshida", "regular_price": 1.99, "selling_price": 1.99, "price_per_unit": "pro 150g | 100g = 1.33 CHF", "breadcrumb": "Sortiment > Sortiment > Knabbersnacks", "pdp_url": "https://sortiment.lidl.ch/de/knabbersnacks-0198601", "product_description": "Artikelnr.: 198601"}
{"product_name": "SanBitter", "brand": "", "regular_price": 4.95, "selling_price": 4.95, "price_per_unit": "pro 6x0,1l | 1L = 8.25 CHF", "breadcrumb": "Sortiment > Sortiment > SanBitter", "pdp_url": "https://sortiment.lidl.ch/de/sanbitter-0008763", "product_description": "Artikelnr.: 8763"}
{"product_name": "Geflügel Wienerli", "brand": "maestade", "regular_price": 2.89, "selling_price": 2.89, "price_per_unit": "pro 6x50g | 100g = 0.97 CHF", "breadcrumb": "Sortiment > Sortiment > Geflügel Wienerli", "pdp_url": "https://sortiment.lidl.ch/de/gefluegel-wienerli-5111984", "product_description": "Artikelnr.: 5111984"}
{"product_name": "Fruchtquark", "brand": "milbona", "regular_price": 1.25, "selling_price": 1.25, "price_per_unit": "pro 2x125g | 100g = 0.50 CHF", "breadcrumb": "Sortiment > Sortiment > Fruchtquark", "pdp_url": "https://sortiment.lidl.ch/de/fruchtquark-5111768", "product_description": "Artikelnr.: 5111768"}
{"product_name": "Kaffeegetränke", "brand": "milbona", "regular_price": 0.89, "selling_price": 0.89, "price_per_unit": "pro 250ml | 1L = 3.56 CHF", "breadcrumb": "Sortiment > Sortiment > Kaffeegetränke", "pdp_url": "https://sortiment.lidl.ch/de/kaffeegetraenke-0187422", "product_description": "Artikelnr.: 187422"}
{"product_name": "Trutenbrust Barbecue / Paprika", "brand": "maestade", "regular_price": 4.55, "selling_price": 4.55, "price_per_unit": "pro 120g | 100g = 3.80 CHF", "breadcrumb": "Sortiment > Sortiment > Trutenbrust Barbecue / Paprika", "pdp_url": "https://sortiment.lidl.ch/de/trutenbrust-barbecue-paprika-5112082", "product_description": "Artikelnr.: 5112082"}
{"product_name": "Salad Bowl El Toro / Älpler", "brand": "chef_select", "regular_price": 4.99, "selling_price": 4.99, "price_per_unit": "pro 290g, 300g | 100g = 1.73, 1.67 CHF", "breadcrumb": "Sortiment > Sortiment > Salad Bowl El Toro / Älpler", "pdp_url": "https://sortiment.lidl.ch/de/salad-bowl-el-toro-aelpler-5112020", "product_description": "Artikelnr.: 5112020"}
{"product_name": "Salad Bowl", "brand": "chef_select", "regular_price": 4.99, "selling_price": 4.99, "price_per_unit": "pro 300g | 100g = 1.67 CHF", "breadcrumb": "Sortiment > Sortiment > Salad Bowl", "pdp_url": "https://sortiment.lidl.ch/de/salad-bowl-5112026", "product_description": "Artikelnr.: 5112026"}
{"product_name": "Grosis Butterzopf", "brand": "", "regular_price": 3.99, "selling_price": 3.99, "price_per_unit": "pro 480g | 100g = 0.84 CHF", "breadcrumb": "Sortiment > Sortiment > Grosis Butterzopf", "pdp_url": "https://sortiment.lidl.ch/de/grosis-butterzopf-5111836", "product_description": "Artikelnr.: 5111836 Butterzopf. Zutaten: 53% Weizenmehl *, 24% Wasser, 9% Butter , Eier* *, Backhefe, Milch , Milchserumpulver , Zucker, 1,5% eingesottene Butter , Speisesalz, Butterfraktion , Rahm , Weizenkleber , Weizenstärke , Dextrose, Gerstenmalzmehl , Milchprotein , Acerolafruchtpulver (auf  Maltodextrin). Kann Spuren von Erdnüssen, Soja, Schalenfrüchten (Nüssen), Sellerie, Senf, Sesam und Sulfiten enthalten. *aus IPS Produktion. **Eier aus Bodenhaltung. Hergestellt in der Schweiz."}
{"product_name": "Bio veganer Brotaufstrich", "brand": "vemondo", "regular_price": 1.99, "selling_price": 1.99, "price_per_unit": "pro 180g | 100g = 1.11 CHF", "breadcrumb": "Sortiment > Sortiment > Bio veganer Brotaufstrich", "pdp_url": "https://sortiment.lidl.ch/de/bio-veganer-brotaufstrich-0189673", "product_description": "Artikelnr.: 189673"}
{"product_name": "High Protein Sojadrink", "brand": "vemondo", "regular_price": 1.99, "selling_price": 1.99, "price_per_unit": "pro 1l |", "breadcrumb": "Sortiment > Sortiment > High Protein Sojadrink", "pdp_url": "https://sortiment.lidl.ch/de/high-protein-sojadrink-5716126", "product_description": "Artikelnr.: 5716126"}
{"product_name": "Gemüsemischung / Gartenmix", "brand": "freshona", "regular_price": 4.79, "selling_price": 4.79, "price_per_unit": "pro 1200g | 100g = 0.40 CHF", "breadcrumb": "Sortiment > Sortiment > Gemüsemischung / Gartenmix", "pdp_url": "https://sortiment.lidl.ch/de/gemuesemischung-gartenmix-5111552", "product_description": "Artikelnr.: 5111552"}
{"product_name": "Toilettenpapier", "brand": "floralys", "regular_price": 4.95, "selling_price": 4.95, "price_per_unit": "pro 2500Blatt |", "breadcrumb": "Sortiment > Sortiment > Toilettenpapier", "pdp_url": "https://sortiment.lidl.ch/de/toilettenpapier-0178280", "product_description": "Artikelnr.: 178280"}
{"product_name": "ASC Lachsforellenfilet", "brand": "fishers_choice", "regular_price": 2.99, "selling_price": 2.99, "price_per_unit": "pro 100g, ca. 160-200g |", "breadcrumb": "Sortiment > Sortiment > ASC Lachsforellenfilet", "pdp_url": "https://sortiment.lidl.ch/de/asc-lachsforellenfilet-5111249", "product_description": "Artikelnr.: 5111249"}
{"product_name": "Stapelchips", "brand": "snack_day", "regular_price": 1.85, "selling_price": 1.85, "price_per_unit": "pro 170g | 100g = 1.09 CHF", "breadcrumb": "Sortiment > Sortiment > Stapelchips", "pdp_url": "https://sortiment.lidl.ch/de/stapelchips-0096907", "product_description": "Artikelnr.: 96907"}
{"product_name": "Alu-Kaffekapseln Modena Lungo", "brand": "bellarom", "regular_price": 3.95, "selling_price": 3.95, "price_per_unit": "pro 20 Stück | 100g = 19.75, 3.41 CHF", "breadcrumb": "Sortiment > Sortiment > Alu-Kaffekapseln Modena Lungo", "pdp_url": "https://sortiment.lidl.ch/de/alu-kaffekapseln-modena-lungo-0177844", "product_description": "Artikelnr.: 177844"}
{"product_name": "Schwammtücher", "brand": "w5", "regular_price": 0.95, "selling_price": 0.95, "price_per_unit": "pro 5 Stück |", "breadcrumb": "Sortiment > Sortiment > Schwammtücher", "pdp_url": "https://sortiment.lidl.ch/de/schwammtuecher-0182886", "product_description": "Artikelnr.: 182886"}
{"product_name": "Fusspflegecrème", "brand": "cien", "regular_price": 1.19, "selling_price": 1.19, "price_per_unit": "pro 100ml |", "breadcrumb": "Sortiment > Sortiment > Fusspflegecrème", "pdp_url": "https://sortiment.lidl.ch/de/fusspflegecreme-0193005", "product_description": "Artikelnr.: 193005"}
{"product_name": "Bio Sirup", "brand": "solevita", "regular_price": 2.99, "selling_price": 2.99, "price_per_unit": "pro 500ml | 1L = 5.98 CHF", "breadcrumb": "Sortiment > Sortiment > Bio Sirup", "pdp_url": "https://sortiment.lidl.ch/de/bio-sirup-5110465", "product_description": "Artikelnr.: 5110465"}
{"product_name": "Nivea Deo Roll-on", "brand": "nivea", "regular_price": 3.89, "selling_price": 3.89, "price_per_unit": "pro 50ml | 100ML = 7.78 CHF", "breadcrumb": "Sortiment > Sortiment > Nivea Deo Roll-on", "pdp_url": "https://sortiment.lidl.ch/de/nivea-deo-roll-on-0198232", "product_description": "Artikelnr.: 198232"}
{"product_name": "Naturseife Malve", "brand": "", "regular_price": 2.99, "selling_price": 2.99, "price_per_unit": "pro 300ml | 100g = 1.00 CHF", "breadcrumb": "Sortiment > Sortiment > Naturseife Malve", "pdp_url": "https://sortiment.lidl.ch/de/naturseife-malve-0157433", "product_description": "Artikelnr.: 157433"}
{"product_name": "Glutenfreies Brot", "brand": "", "regular_price": 2.19, "selling_price": 2.19, "price_per_unit": "pro 250g | 100g = 0.88 CHF", "breadcrumb": "Sortiment > Sortiment > Glutenfreies Brot", "pdp_url": "https://sortiment.lidl.ch/de/glutenfreies-brot-5506073", "product_description": "Artikelnr.: 5506073"}
{"product_name": "Ben's Langkorn Reis", "brand": "", "regular_price": 5.89, "selling_price": 5.89, "price_per_unit": "pro 1kg |", "breadcrumb": "Sortiment > Sortiment > Ben's Langkorn Reis", "pdp_url": "https://sortiment.lidl.ch/de/ben-s-langkorn-reis-1800158", "product_description": "Artikelnr.: 1800158"}
{"product_name": "BIO Prosecco DOC", "brand": "allini", "regular_price": 9.95, "selling_price": 9.95, "price_per_unit": "pro 0,75l | 1L = 13.27 CHF", "breadcrumb": "Sortiment > Sortiment > BIO Prosecco DOC", "pdp_url": "https://sortiment.lidl.ch/de/bio-prosecco-doc-0172440", "product_description": "Artikelnr.: 172440"}
{"product_name": "Chardonnay GP Terre Siciliane", "brand": "", "regular_price": 2.95, "selling_price": 2.95, "price_per_unit": "pro 0,75l | 1L = 3.94 CHF", "breadcrumb": "Sortiment > Sortiment > Chardonnay GP Terre Siciliane", "pdp_url": "https://sortiment.lidl.ch/de/chardonnay-gp-terre-siciliane-0063293", "product_description": "Artikelnr.: 63293"}
{"product_name": "Roquefort AOP", "brand": "milbona", "regular_price": 2.99, "selling_price": 2.99, "price_per_unit": "pro 100g |", "breadcrumb": "Sortiment > Sortiment > Roquefort AOP", "pdp_url": "https://sortiment.lidl.ch/de/roquefort-aop-0139128", "product_description": "Artikelnr.: 139128"}
{"product_name": "Luzerner Perle", "brand": "", "regular_price": 3.99, "selling_price": 3.99, "price_per_unit": "pro 185g | 100g = 2.16 CHF", "breadcrumb": "Sortiment > Sortiment > Luzerner Perle", "pdp_url": "https://sortiment.lidl.ch/de/luzerner-perle-5111754", "product_description": "Artikelnr.: 5111754"}
{"product_name": "Volvic Tee Zitrone", "brand": "", "regular_price": 2.15, "selling_price": 2.15, "price_per_unit": "pro 1,5l | 1L = 1.44 CHF", "breadcrumb": "Sortiment > Sortiment > Volvic Tee Zitrone", "pdp_url": "https://sortiment.lidl.ch/de/volvic-tee-zitrone-1800130", "product_description": "Artikelnr.: 1800130"}
{"product_name": "Volvic Tee Minze", "brand": "", "regular_price": 2.15, "selling_price": 2.15, "price_per_unit": "pro 1,5l | 1L = 1.44 CHF", "breadcrumb": "Sortiment > Sortiment > Volvic Tee Minze", "pdp_url": "https://sortiment.lidl.ch/de/volvic-tee-minze-1800129", "product_description": "Artikelnr.: 1800129"}
{"product_name": "Volvic Tee Pfirsich", "brand": "", "regular_price": 2.15, "selling_price": 2.15, "price_per_unit": "pro 1,5l | 1L = 1.44 CHF", "breadcrumb": "Sortiment > Sortiment > Volvic Tee Pfirsich", "pdp_url": "https://sortiment.lidl.ch/de/volvic-tee-pfirsich-1800128", "product_description": "Artikelnr.: 1800128"}
{"product_name": "Smirnoff Ice Original", "brand": "smirnoff", "regular_price": 9.89, "selling_price": 9.89, "price_per_unit": "pro 4x0,25l |", "breadcrumb": "Sortiment > Sortiment > Smirnoff Ice Original", "pdp_url": "https://sortiment.lidl.ch/de/smirnoff-ice-original-5112201", "product_description": "Artikelnr.: 5112201"}
{"product_name": "Kleiner Feigling Shot", "brand": "", "regular_price": 1.55, "selling_price": 1.55, "price_per_unit": "pro 2cl | 1L = 77.50 CHF", "breadcrumb": "Sortiment > Sortiment > Kleiner Feigling Shot", "pdp_url": "https://sortiment.lidl.ch/de/kleiner-feigling-shot-5112107", "product_description": "Artikelnr.: 5112107"}
{"product_name": "Jack Daniel's Whisky Old No.7", "brand": "", "regular_price": 31.45, "selling_price": 31.45, "price_per_unit": "pro 0,7l | 1L = 44.93 CHF", "breadcrumb": "Sortiment > Sortiment > Jack Daniel's Whisky Old No.7", "pdp_url": "https://sortiment.lidl.ch/de/jack-daniel-s-whisky-old-no-7-5112139", "product_description": "Artikelnr.: 5112139"}
{"product_name": "Ben's Spitzen-Langkornreis", "brand": "", "regular_price": 5.89, "selling_price": 5.89, "price_per_unit": "pro 1kg |", "breadcrumb": "Sortiment > Sortiment > Ben's Spitzen-Langkornreis", "pdp_url": "https://sortiment.lidl.ch/de/ben-s-spitzen-langkornreis-1800157", "product_description": "Artikelnr.: 1800157"}
{"product_name": "Bio Sirup", "brand": "solevita", "regular_price": 2.99, "selling_price": 2.99, "price_per_unit": "pro 500ml | 1L = 5.98 CHF", "breadcrumb": "Sortiment > Sortiment > Bio Sirup", "pdp_url": "https://sortiment.lidl.ch/de/bio-sirup-5107132", "product_description": "Artikelnr.: 5107132"}
{"product_name": "Topf- und Geschirr Reiniger", "brand": "w5", "regular_price": 0.89, "selling_price": 0.89, "price_per_unit": "pro 6 Stück |", "breadcrumb": "Sortiment > Sortiment > Topf- und Geschirr Reiniger", "pdp_url": "https://sortiment.lidl.ch/de/topf-und-geschirr-reiniger-0155075", "product_description": "Artikelnr.: 155075"}
{"product_name": "Lay's Chips Herb Butter", "brand": "", "regular_price": 3.59, "selling_price": 3.59, "price_per_unit": "pro 150g | 100g = 2.40 CHF", "breadcrumb": "Sortiment > Sortiment > Lay's Chips Herb Butter", "pdp_url": "https://sortiment.lidl.ch/de/lay-s-chips-herb-butter-5111825", "product_description": "Artikelnr.: 5111825"}
{"product_name": "Lay's Chips Salz", "brand": "", "regular_price": 3.59, "selling_price": 3.59, "price_per_unit": "pro 150g | 100g = 2.40 CHF", "breadcrumb": "Sortiment > Sortiment > Lay's Chips Salz", "pdp_url": "https://sortiment.lidl.ch/de/lay-s-chips-salz-5111824", "product_description": "Artikelnr.: 5111824"}
{"product_name": "Bio Lachsfilet Portionen", "brand": "fishers_choice", "regular_price": 16.85, "selling_price": 16.85, "price_per_unit": "pro 3x125g | 100g = 4.50 CHF", "breadcrumb": "Sortiment > Sortiment > Bio Lachsfilet Portionen", "pdp_url": "https://sortiment.lidl.ch/de/bio-lachsfilet-portionen-0193947", "product_description": "Artikelnr.: 193947"}
{"product_name": "la bella grande Margherita/Salami", "brand": "trattoria_alfredo", "regular_price": 3.49, "selling_price": 3.49, "price_per_unit": "pro 360g, 380g | 100g = 0.97, 0.92 CHF", "breadcrumb": "Sortiment > Sortiment > la bella grande Margherita/Salami", "pdp_url": "https://sortiment.lidl.ch/de/la-bella-grande-margherita-salami-0193271", "product_description": "Artikelnr.: 193271"}
{"product_name": "Schokoladenstäbchen", "brand": "mister_choc", "regular_price": 1.99, "selling_price": 1.99, "price_per_unit": "pro 200g | 100g = 1.00 CHF", "breadcrumb": "Sortiment > Sortiment > Schokoladenstäbchen", "pdp_url": "https://sortiment.lidl.ch/de/schokoladenstaebchen-0186750", "product_description": "Artikelnr.: 186750"}
{"product_name": "Vegane Steinofenpizza", "brand": "vemondo", "regular_price": 2.99, "selling_price": 2.99, "price_per_unit": "pro 350g, 390g | 100g = 0.86, 0.77 CHF", "breadcrumb": "Sortiment > Sortiment > Vegane Steinofenpizza", "pdp_url": "https://sortiment.lidl.ch/de/vegane-steinofenpizza-0129141", "product_description": "Artikelnr.: 129141"}
{"product_name": "Crunchy Joghurt", "brand": "milbona", "regular_price": 0.65, "selling_price": 0.65, "price_per_unit": "pro 175g | 100g = 0.38 CHF", "breadcrumb": "Sortiment > Sortiment > Crunchy Joghurt", "pdp_url": "https://sortiment.lidl.ch/de/crunchy-joghurt-0110982", "product_description": "Artikelnr.: 110982"}
{"product_name": "Vemondo Bio vegane Joghurtalternative", "brand": "vemondo", "regular_price": 1.99, "selling_price": 1.99, "price_per_unit": "pro 400g | 100g = 0.50 CHF", "breadcrumb": "Sortiment > Sortiment > Vemondo Bio vegane Joghurtalternative", "pdp_url": "https://sortiment.lidl.ch/de/vemondo-bio-vegane-joghurtalternative-5010195", "product_description": "Artikelnr.: 5010195"}
{"product_name": "Ariel Pods Color", "brand": "ariel", "regular_price": 23.49, "selling_price": 23.49, "price_per_unit": "pro 30 Stk | 1 Stk = 0.79 CHF", "breadcrumb": "Sortiment > Sortiment > Ariel Pods Color", "pdp_url": "https://sortiment.lidl.ch/de/ariel-pods-color-1800201", "product_description": "Artikelnr.: 1800201"}
{"product_name": "Ariel Pods Universal", "brand": "ariel", "regular_price": 23.49, "selling_price": 23.49, "price_per_unit": "pro 30 Stk | 1 Stk = 0.79 CHF", "breadcrumb": "Sortiment > Sortiment > Ariel Pods Universal", "pdp_url": "https://sortiment.lidl.ch/de/ariel-pods-universal-1800200", "product_description": "Artikelnr.: 1800200"}
{"product_name": "Lenor Weichspüler sort.", "brand": "lenor", "regular_price": 8.75, "selling_price": 8.75, "price_per_unit": "pro 1.7l | 1L = 5.15 CHF", "breadcrumb": "Sortiment > Sortiment > Lenor Weichspüler sort.", "pdp_url": "https://sortiment.lidl.ch/de/lenor-weichspueler-sort-1800197", "product_description": "Artikelnr.: 1800197"}
{"product_name": "Le Petit Marseillais Duschgel", "brand": "", "regular_price": 3.45, "selling_price": 3.45, "price_per_unit": "pro 250ml | 100ML = 1.38 CHF", "breadcrumb": "Sortiment > Sortiment > Le Petit Marseillais Duschgel", "pdp_url": "https://sortiment.lidl.ch/de/le-petit-marseillais-duschgel-1800136", "product_description": "Artikelnr.: 1800136"}
{"product_name": "Head&Shoulders Shampoo", "brand": "head_shoulders", "regular_price": 7.59, "selling_price": 7.59, "price_per_unit": "pro 500ml | 100ML = 1.52 CHF", "breadcrumb": "Sortiment > Sortiment > Head&Shoulders Shampoo", "pdp_url": "https://sortiment.lidl.ch/de/head-shoulders-shampoo-0005619", "product_description": "Artikelnr.: 5619"}
{"product_name": "Mars/Snickers/ Twix", "brand": "mars", "regular_price": 2.95, "selling_price": 2.95, "price_per_unit": "pro 225g, 250g | 100g = 1.32, 1.18 CHF", "breadcrumb": "Sortiment > Sortiment > Mars/Snickers/ Twix", "pdp_url": "https://sortiment.lidl.ch/de/mars-snickers-twix-1800234", "product_description": "Artikelnr.: 1800234"}
{"product_name": "Allzweckbeutel", "brand": "aromata", "regular_price": 0.79, "selling_price": 0.79, "price_per_unit": "pro 120 Stück | 1 Stk = 0.01 CHF", "breadcrumb": "Sortiment > Sortiment > Allzweckbeutel", "pdp_url": "https://sortiment.lidl.ch/de/allzweckbeutel-0158178", "product_description": "Artikelnr.: 158178"}
{"product_name": "Griechisches Olivenöl", "brand": "primadonna", "regular_price": 6.99, "selling_price": 6.99, "price_per_unit": "pro 500ml | 1L = 13.98 CHF", "breadcrumb": "Sortiment > Sortiment > Griechisches Olivenöl", "pdp_url": "https://sortiment.lidl.ch/de/griechisches-olivenoel-0200131", "product_description": "Artikelnr.: 200131"}
{"product_name": "Olivenöl extra vergine", "brand": "primadonna", "regular_price": 8.95, "selling_price": 8.95, "price_per_unit": "pro 750ml | 1L = 11.94 CHF", "breadcrumb": "Sortiment > Sortiment > Olivenöl extra vergine", "pdp_url": "https://sortiment.lidl.ch/de/olivenoel-extra-vergine-0068400", "product_description": "Artikelnr.: 68400"}
{"product_name": "MSC Surimi in Crevettenform", "brand": "", "regular_price": 3.69, "selling_price": 3.69, "price_per_unit": "pro 320g | 100g = 1.16 CHF", "breadcrumb": "Sortiment > Sortiment > MSC Surimi in Crevettenform", "pdp_url": "https://sortiment.lidl.ch/de/msc-surimi-in-crevettenform-0134736", "product_description": "Artikelnr.: 134736"}
{"product_name": "Zytglogge Mutschli", "brand": "", "regular_price": 2.99, "selling_price": 2.99, "price_per_unit": "pro 100g, ca. 230g |", "breadcrumb": "Sortiment > Sortiment > Zytglogge Mutschli", "pdp_url": "https://sortiment.lidl.ch/de/zytglogge-mutschli-5111764", "product_description": "Artikelnr.: 5111764"}
{"product_name": "Frischer Saft", "brand": "solevita", "regular_price": 1.95, "selling_price": 1.95, "price_per_unit": "pro 500ml | 1L = 3.90 CHF", "breadcrumb": "Sortiment > Sortiment > Frischer Saft", "pdp_url": "https://sortiment.lidl.ch/de/frischer-saft-6607298", "product_description": "Artikelnr.: 6607298"}
{"product_name": "L. Casei Drink", "brand": "milbona", "regular_price": 2.99, "selling_price": 2.99, "price_per_unit": "pro 10x100g |", "breadcrumb": "Sortiment > Sortiment > L. Casei Drink", "pdp_url": "https://sortiment.lidl.ch/de/l-casei-drink-5010595", "product_description": "Artikelnr.: 5010595"}
{"product_name": "Cornichons", "brand": "freshona", "regular_price": 1.69, "selling_price": 1.69, "price_per_unit": "pro 190g Abtropfgewicht | 100g = 0.89 CHF", "breadcrumb": "Sortiment > Sortiment > Cornichons", "pdp_url": "https://sortiment.lidl.ch/de/cornichons-0139650", "product_description": "Artikelnr.: 139650"}
{"product_name": "Casamia Fusselroller", "brand": "", "regular_price": 1.95, "selling_price": 1.95, "price_per_unit": "pro 50Blatt | 1 Stk = 0.04 CHF", "breadcrumb": "Sortiment > Sortiment > Casamia Fusselroller", "pdp_url": "https://sortiment.lidl.ch/de/casamia-fusselroller-6016422", "product_description": "Artikelnr.: 6016422"}
{"product_name": "Lay's Chips Red Paprika", "brand": "", "regular_price": 3.59, "selling_price": 3.59, "price_per_unit": "pro 150g | 100g = 2.40 CHF", "breadcrumb": "Sortiment > Sortiment > Lay's Chips Red Paprika", "pdp_url": "https://sortiment.lidl.ch/de/lay-s-chips-red-paprika-5111823", "product_description": "Artikelnr.: 5111823"}
{"product_name": "Allzweckreiniger Konzentrat", "brand": "w5", "regular_price": 1.25, "selling_price": 1.25, "price_per_unit": "pro 1l |", "breadcrumb": "Sortiment > Sortiment > Allzweckreiniger Konzentrat", "pdp_url": "https://sortiment.lidl.ch/de/allzweckreiniger-konzentrat-0182565", "product_description": "Artikelnr.: 182565"}
{"product_name": "Speckwürfeli light", "brand": "maestade", "regular_price": 3.59, "selling_price": 3.59, "price_per_unit": "pro 2x70g | 100g = 2.57 CHF", "breadcrumb": "Sortiment > Sortiment > Speckwürfeli light", "pdp_url": "https://sortiment.lidl.ch/de/speckwuerfeli-light-5107901", "product_description": "Artikelnr.: 5107901"}
{"product_name": "Findus Schlemmerfilet Bordelaise MSC", "brand": "findus", "regular_price": 9.29, "selling_price": 9.29, "price_per_unit": "pro 380g | 100g = 2.45 CHF", "breadcrumb": "Sortiment > Sortiment > Findus Schlemmerfilet Bordelaise MSC", "pdp_url": "https://sortiment.lidl.ch/de/findus-schlemmerfilet-bordelaise-msc-5111687", "product_description": "Artikelnr.: 5111687"}
{"product_name": "Zitronen 500g", "brand": "", "regular_price": 0.95, "selling_price": 0.95, "price_per_unit": "pro 500g | 1Kg = 1.90 CHF", "breadcrumb": "Sortiment > Sortiment > Zitronen 500g", "pdp_url": "https://sortiment.lidl.ch/de/zitronen-500g-0080170", "product_description": "Artikelnr.: 80170"}
{"product_name": "Storck Knoppers", "brand": "storck", "regular_price": 3.29, "selling_price": 3.29, "price_per_unit": "pro 200g | 100g = 1.65 CHF", "breadcrumb": "Sortiment > Sortiment > Storck Knoppers", "pdp_url": "https://sortiment.lidl.ch/de/storck-knoppers-5111789", "product_description": "Artikelnr.: 5111789"}
{"product_name": "Bio Langkornreis", "brand": "golden_sun", "regular_price": 1.49, "selling_price": 1.49, "price_per_unit": "pro 500g | 100g = 0.30 CHF", "breadcrumb": "Sortiment > Sortiment > Bio Langkornreis", "pdp_url": "https://sortiment.lidl.ch/de/bio-langkornreis-0109155", "product_description": "Artikelnr.: 109155"}
{"product_name": "Cointreau", "brand": "", "regular_price": 29.95, "selling_price": 29.95, "price_per_unit": "pro 0,7l | 1L = 42.79 CHF", "breadcrumb": "Sortiment > Sortiment > Cointreau", "pdp_url": "https://sortiment.lidl.ch/de/cointreau-0001034", "product_description": "Artikelnr.: 1034"}
{"product_name": "Rindshackfleisch", "brand": "bonvalle", "regular_price": 5.99, "selling_price": 5.99, "price_per_unit": "pro 500g | 100g = 1.20 CHF", "breadcrumb": "Sortiment > Sortiment > Rindshackfleisch", "pdp_url": "https://sortiment.lidl.ch/de/rindshackfleisch-5110569", "product_description": "Artikelnr.: 5110569"}
{"product_name": "Always Slipeinlagen", "brand": "always", "regular_price": 4.55, "selling_price": 4.55, "price_per_unit": "pro 54-76 Stk. | 1 Stk = 0.09 bis 0.06", "breadcrumb": "Sortiment > Sortiment > Always Slipeinlagen", "pdp_url": "https://sortiment.lidl.ch/de/always-slipeinlagen-1800209", "product_description": "Artikelnr.: 1800209"}
{"product_name": "Always Damenbinden Ultra", "brand": "always", "regular_price": 6.89, "selling_price": 6.89, "price_per_unit": "pro 24, 28, 32, 38 Stk. | 1 Stk = 0.29 bis 0.19", "breadcrumb": "Sortiment > Sortiment > Always Damenbinden Ultra", "pdp_url": "https://sortiment.lidl.ch/de/always-damenbinden-ultra-1800208", "product_description": "Artikelnr.: 1800208"}
{"product_name": "Fairy Handgeschirr Spülmittel", "brand": "fairy", "regular_price": 5.49, "selling_price": 5.49, "price_per_unit": "pro 900ml | 1L = 6.10 CHF", "breadcrumb": "Sortiment > Sortiment > Fairy Handgeschirr Spülmittel", "pdp_url": "https://sortiment.lidl.ch/de/fairy-handgeschirr-spuelmittel-1800195", "product_description": "Artikelnr.: 1800195"}
{"product_name": "Ariel Flüssigwaschmittel Universal", "brand": "ariel", "regular_price": 19.99, "selling_price": 19.99, "price_per_unit": "pro 2l | 1L = 10.00 CHF", "breadcrumb": "Sortiment > Sortiment > Ariel Flüssigwaschmittel Universal", "pdp_url": "https://sortiment.lidl.ch/de/ariel-fluessigwaschmittel-universal-1800199", "product_description": "Artikelnr.: 1800199"}
{"product_name": "Ariel Flüssigwaschmittel Color", "brand": "ariel", "regular_price": 19.99, "selling_price": 19.99, "price_per_unit": "pro 2l | 1L = 10.00 CHF", "breadcrumb": "Sortiment > Sortiment > Ariel Flüssigwaschmittel Color", "pdp_url": "https://sortiment.lidl.ch/de/ariel-fluessigwaschmittel-color-1800198", "product_description": "Artikelnr.: 1800198"}
{"product_name": "Lenor Weichspüler Parfumelle", "brand": "lenor", "regular_price": 8.89, "selling_price": 8.89, "price_per_unit": "pro 1.4l | 1L = 6.35 CHF", "breadcrumb": "Sortiment > Sortiment > Lenor Weichspüler Parfumelle", "pdp_url": "https://sortiment.lidl.ch/de/lenor-weichspueler-parfumelle-1800196", "product_description": "Artikelnr.: 1800196"}
{"product_name": "Pantene Shampoo", "brand": "pantene", "regular_price": 6.99, "selling_price": 6.99, "price_per_unit": "pro 500ml | 100ML = 1.40 CHF", "breadcrumb": "Sortiment > Sortiment > Pantene Shampoo", "pdp_url": "https://sortiment.lidl.ch/de/pantene-shampoo-1800205", "product_description": "Artikelnr.: 1800205"}
{"product_name": "Pantene Shampoo Repair&Care, Volum", "brand": "pantene", "regular_price": 6.99, "selling_price": 6.99, "price_per_unit": "pro 360ml | 100ML = 1.95 CHF", "breadcrumb": "Sortiment > Sortiment > Pantene Shampoo Repair&Care, Volum", "pdp_url": "https://sortiment.lidl.ch/de/pantene-shampoo-repair-care-volum-1800204", "product_description": "Artikelnr.: 1800204"}
{"product_name": "Urchige Bärner", "brand": "", "regular_price": 4.99, "selling_price": 3.99, "price_per_unit": "pro 150g | 100g = 2.66 CHF", "breadcrumb": "Sortiment > Sortiment > Urchige Bärner", "pdp_url": "https://sortiment.lidl.ch/de/urchige-baerner-5111762", "product_description": "Artikelnr.: 5111762"}
{"product_name": "Cesar Hundenahrung nass", "brand": "", "regular_price": 9.99, "selling_price": 9.99, "price_per_unit": "pro 8x150g | 100g = 0.84 CHF", "breadcrumb": "Sortiment > Sortiment > Cesar Hundenahrung nass", "pdp_url": "https://sortiment.lidl.ch/de/cesar-hundenahrung-nass-0192886", "product_description": "Artikelnr.: 192886"}
{"product_name": "Soja Cuisine Bio", "brand": "vemondo", "regular_price": 0.89, "selling_price": 0.89, "price_per_unit": "pro 200ml | 1L = 4.45 CHF", "breadcrumb": "Sortiment > Sortiment > Soja Cuisine Bio", "pdp_url": "https://sortiment.lidl.ch/de/soja-cuisine-bio-0190358", "product_description": "Artikelnr.: 190358"}
{"product_name": "Findus Plätzli Bolognese", "brand": "findus", "regular_price": 8.39, "selling_price": 8.39, "price_per_unit": "pro 480g | 100g = 1.75 CHF", "breadcrumb": "Sortiment > Sortiment > Findus Plätzli Bolognese", "pdp_url": "https://sortiment.lidl.ch/de/findus-plaetzli-bolognese-5106364", "product_description": "Artikelnr.: 5106364"}
{"product_name": "Vitaminwasser", "brand": "saskia", "regular_price": 0.69, "selling_price": 0.69, "price_per_unit": "pro 0,5l | 1L = 1.38 CHF", "breadcrumb": "Sortiment > Sortiment > Vitaminwasser", "pdp_url": "https://sortiment.lidl.ch/de/vitaminwasser-0163933", "product_description": "Artikelnr.: 163933"}
{"product_name": "Vitamin A-Zink / Vitamin A-Zink 50+", "brand": "optisana", "regular_price": 4.79, "selling_price": 4.79, "price_per_unit": "pro 60 Stück | 1 Stk = 0.08 CHF", "breadcrumb": "Sortiment > Sortiment > Vitamin A-Zink / Vitamin A-Zink 50+", "pdp_url": "https://sortiment.lidl.ch/de/vitamin-a-zink-vitamin-a-zink-50-0182061", "product_description": "Artikelnr.: 182061"}
{"product_name": "ÖMÜR Böreklik", "brand": "", "regular_price": 5.99, "selling_price": 5.99, "price_per_unit": "pro 800g | 100g = 0.75 CHF", "breadcrumb": "Sortiment > Sortiment > ÖMÜR Böreklik", "pdp_url": "https://sortiment.lidl.ch/de/oemuer-boereklik-0187131", "product_description": "Artikelnr.: 187131"}
{"product_name": "Mandeln gestiftet", "brand": "belbake", "regular_price": 3.69, "selling_price": 3.69, "price_per_unit": "pro 200g | 100g = 1.85 CHF", "breadcrumb": "Sortiment > Sortiment > Mandeln gestiftet", "pdp_url": "https://sortiment.lidl.ch/de/mandeln-gestiftet-0169868", "product_description": "Artikelnr.: 169868"}
{"product_name": "UrDinkel-Mehl", "brand": "", "regular_price": 3.79, "selling_price": 3.79, "price_per_unit": "pro 1kg |", "breadcrumb": "Sortiment > Sortiment > UrDinkel-Mehl", "pdp_url": "https://sortiment.lidl.ch/de/urdinkel-mehl-5111322", "product_description": "Artikelnr.: 5111322"}
{"product_name": "Instant Kaffee Gold", "brand": "bellarom", "regular_price": 4.89, "selling_price": 4.89, "price_per_unit": "pro 200g | 100g = 2.45 CHF", "breadcrumb": "Sortiment > Sortiment > Instant Kaffee Gold", "pdp_url": "https://sortiment.lidl.ch/de/instant-kaffee-gold-0162590", "product_description": "Artikelnr.: 162590"}
{"product_name": "Duschgel", "brand": "cien", "regular_price": 0.85, "selling_price": 0.85, "price_per_unit": "pro 400ml | 100ML = 0.22 CHF", "breadcrumb": "Sortiment > Sortiment > Duschgel", "pdp_url": "https://sortiment.lidl.ch/de/duschgel-0188521", "product_description": "Artikelnr.: 188521"}
{"product_name": "Oxi Fleckenentferner", "brand": "formil", "regular_price": 3.59, "selling_price": 3.59, "price_per_unit": "pro 750g | 100g = 0.48 CHF", "breadcrumb": "Sortiment > Sortiment > Oxi Fleckenentferner", "pdp_url": "https://sortiment.lidl.ch/de/oxi-fleckenentferner-5519788", "product_description": "Artikelnr.: 5519788"}
{"product_name": "Corte alle Mura Chianti Riserva", "brand": "", "regular_price": 7.99, "selling_price": 7.99, "price_per_unit": "pro 0,75l | 1L = 10.66 CHF", "breadcrumb": "Sortiment > Sortiment > Corte alle Mura Chianti Riserva", "pdp_url": "https://sortiment.lidl.ch/de/corte-alle-mura-chianti-riserva-0024692", "product_description": "Artikelnr.: 24692"}
{"product_name": "Randen in Scheiben", "brand": "freshona", "regular_price": 1.99, "selling_price": 1.99, "price_per_unit": "pro 430g (Abtropfgewicht) | 100g = 0.47 CHF", "breadcrumb": "Sortiment > Sortiment > Randen in Scheiben", "pdp_url": "https://sortiment.lidl.ch/de/randen-in-scheiben-0133923", "product_description": "Artikelnr.: 133923"}
{"product_name": "Dr. Oetker Backzutaten", "brand": "dr._oetker", "regular_price": 1.99, "selling_price": 1.99, "price_per_unit": "pro 160g, 24g, 28g, 80g | 100g = 8.30 bis 1.25", "breadcrumb": "Sortiment > Sortiment > Dr. Oetker Backzutaten", "pdp_url": "https://sortiment.lidl.ch/de/dr-oetker-backzutaten-0196386", "product_description": "Artikelnr.: 196386"}
{"product_name": "Nestlé Cerealien Maxi Pack", "brand": "nestle", "regular_price": 6.19, "selling_price": 6.19, "price_per_unit": "pro 625g | 100g = 1.00 CHF", "breadcrumb": "Sortiment > Sortiment > Nestlé Cerealien Maxi Pack", "pdp_url": "https://sortiment.lidl.ch/de/nestle-cerealien-maxi-pack-1800039", "product_description": "Artikelnr.: 1800039"}
{"product_name": "Schweins-Geschnetzeltes", "brand": "bonvalle", "regular_price": 5.95, "selling_price": 5.95, "price_per_unit": "pro 400g | 100g = 1.49 CHF", "breadcrumb": "Sortiment > Sortiment > Schweins-Geschnetzeltes", "pdp_url": "https://sortiment.lidl.ch/de/schweins-geschnetzeltes-5110567", "product_description": "Artikelnr.: 5110567"}
{"product_name": "Hackbraten zum Selberbacken", "brand": "bonvalle", "regular_price": 6.49, "selling_price": 6.49, "price_per_unit": "pro 600g | 100g = 1.09 CHF", "breadcrumb": "Sortiment > Sortiment > Hackbraten zum Selberbacken", "pdp_url": "https://sortiment.lidl.ch/de/hackbraten-zum-selberbacken-5100925", "product_description": "Artikelnr.: 5100925"}
{"product_name": "Fleischkäse zum Selberbacken", "brand": "bonvalle", "regular_price": 6.49, "selling_price": 6.49, "price_per_unit": "pro 600g | 100g = 1.09 CHF", "breadcrumb": "Sortiment > Sortiment > Fleischkäse zum Selberbacken", "pdp_url": "https://sortiment.lidl.ch/de/fleischkaese-zum-selberbacken-5100924", "product_description": "Artikelnr.: 5100924"}
{"product_name": "Schweinsragout", "brand": "bonvalle", "regular_price": 4.49, "selling_price": 4.49, "price_per_unit": "pro 500g | 100g = 0.90 CHF", "breadcrumb": "Sortiment > Sortiment > Schweinsragout", "pdp_url": "https://sortiment.lidl.ch/de/schweinsragout-5110566", "product_description": "Artikelnr.: 5110566"}
{"product_name": "WC Ente WC Gel Total Aktiv", "brand": "", "regular_price": 4.49, "selling_price": 4.49, "price_per_unit": "pro 750ml | 1L = 5.99 CHF", "breadcrumb": "Sortiment > Sortiment > WC Ente WC Gel Total Aktiv", "pdp_url": "https://sortiment.lidl.ch/de/wc-ente-wc-gel-total-aktiv-1800120", "product_description": "Artikelnr.: 1800120"}
{"product_name": "Korkenkroketten / Zapfenkroketten", "brand": "harvest_basket", "regular_price": 3.99, "selling_price": 3.99, "price_per_unit": "pro 750g | 100g = 0.54 CHF", "breadcrumb": "Sortiment > Sortiment > Korkenkroketten / Zapfenkroketten", "pdp_url": "https://sortiment.lidl.ch/de/korkenkroketten-zapfenkroketten-5111341", "product_description": "Artikelnr.: 5111341"}
{"product_name": "Raclette 1/4 Laib", "brand": "fromani", "regular_price": 1.19, "selling_price": 1.19, "price_per_unit": "pro 100g, ca. 1,675kg |", "breadcrumb": "Sortiment > Sortiment > Raclette 1/4 Laib", "pdp_url": "https://sortiment.lidl.ch/de/raclette-1-4-laib-0006123", "product_description": "Artikelnr.: 6123"}
{"product_name": "Basilikum", "brand": "kania", "regular_price": 0.59, "selling_price": 0.59, "price_per_unit": "pro 15g | 100g = 3.94 CHF", "breadcrumb": "Sortiment > Sortiment > Basilikum", "pdp_url": "https://sortiment.lidl.ch/de/basilikum-0012871", "product_description": "Artikelnr.: 12871"}
{"product_name": "Tessiner Ravioli", "brand": "chef_select", "regular_price": 4.99, "selling_price": 4.99, "price_per_unit": "pro 250g | 100g = 2.00 CHF", "breadcrumb": "Sortiment > Sortiment > Tessiner Ravioli", "pdp_url": "https://sortiment.lidl.ch/de/tessiner-ravioli-5111209", "product_description": "Artikelnr.: 5111209"}
{"product_name": "High Protein Mozzarella", "brand": "milbona", "regular_price": 1.99, "selling_price": 1.99, "price_per_unit": "pro 160g | 100g = 1.25 CHF", "breadcrumb": "Sortiment > Sortiment > High Protein Mozzarella", "pdp_url": "https://sortiment.lidl.ch/de/high-protein-mozzarella-5110134", "product_description": "Artikelnr.: 5110134"}
{"product_name": "High Protein Salatkäse", "brand": "milbona", "regular_price": 1.99, "selling_price": 1.99, "price_per_unit": "pro 150g | 100g = 1.33 CHF", "breadcrumb": "Sortiment > Sortiment > High Protein Salatkäse", "pdp_url": "https://sortiment.lidl.ch/de/high-protein-salatkaese-5110133", "product_description": "Artikelnr.: 5110133"}
{"product_name": "High Protein Cottage Cheese", "brand": "milbona", "regular_price": 1.55, "selling_price": 1.55, "price_per_unit": "pro 250g | 100g = 0.62 CHF", "breadcrumb": "Sortiment > Sortiment > High Protein Cottage Cheese", "pdp_url": "https://sortiment.lidl.ch/de/high-protein-cottage-cheese-5107538", "product_description": "Artikelnr.: 5107538"}
{"product_name": "Cottage Cheese", "brand": "milbona", "regular_price": 1.45, "selling_price": 1.45, "price_per_unit": "pro 250g | 100g = 0.58 CHF", "breadcrumb": "Sortiment > Sortiment > Cottage Cheese", "pdp_url": "https://sortiment.lidl.ch/de/cottage-cheese-5100168", "product_description": "Artikelnr.: 5100168"}
{"product_name": "Ultrabinden Aloe Vera, mit Flügeln", "brand": "siempre", "regular_price": 2.69, "selling_price": 2.69, "price_per_unit": "pro 20 Stück, 28 Stück, 40 Stück | 1 Stk = 0.14 CHF", "breadcrumb": "Sortiment > Sortiment > Ultrabinden Aloe Vera, mit Flügeln", "pdp_url": "https://sortiment.lidl.ch/de/ultrabinden-aloe-vera-mit-fluegeln-0180483", "product_description": "Artikelnr.: 180483"}
{"product_name": "Küchentücher Recycling", "brand": "floralys", "regular_price": 4.39, "selling_price": 4.39, "price_per_unit": "pro 540Blatt |", "breadcrumb": "Sortiment > Sortiment > Küchentücher Recycling", "pdp_url": "https://sortiment.lidl.ch/de/kuechentuecher-recycling-0195164", "product_description": "Artikelnr.: 195164"}
{"product_name": "Nivea Body Milk / Body Lotion", "brand": "nivea", "regular_price": 6.45, "selling_price": 6.45, "price_per_unit": "pro 400ml | 100ML = 1.62 CHF", "breadcrumb": "Sortiment > Sortiment > Nivea Body Milk / Body Lotion", "pdp_url": "https://sortiment.lidl.ch/de/nivea-body-milk-body-lotion-0198228", "product_description": "Artikelnr.: 198228"}
{"product_name": "Floopy Donuts", "brand": "", "regular_price": 3.69, "selling_price": 3.69, "price_per_unit": "pro 285g | 100g = 1.30 CHF", "breadcrumb": "Sortiment > Sortiment > Floopy Donuts", "pdp_url": "https://sortiment.lidl.ch/de/floopy-donuts-0193554", "product_description": "Artikelnr.: 193554 Kennzeichnung: siehe Verpackung."}
{"product_name": "Hafer-Schokokekse", "brand": "sondey", "regular_price": 4.99, "selling_price": 4.99, "price_per_unit": "pro 525g, 630g | 100g = 0.96, 0.80 CHF", "breadcrumb": "Sortiment > Sortiment > Hafer-Schokokekse", "pdp_url": "https://sortiment.lidl.ch/de/hafer-schokokekse-7408386", "product_description": "Artikelnr.: 7408386"}
{"product_name": "Shiraz Paarl", "brand": "deluxe", "regular_price": 5.99, "selling_price": 3.49, "price_per_unit": "pro 0,75l | 1L = 4.66 CHF", "breadcrumb": "Sortiment > Sortiment > Shiraz Paarl", "pdp_url": "https://sortiment.lidl.ch/de/shiraz-paarl-0133553", "product_description": "Artikelnr.: 133553"}
{"product_name": "Dr. Oetker Dessert", "brand": "dr._oetker", "regular_price": 1.89, "selling_price": 1.89, "price_per_unit": "pro 111g, 133,5g, 51g | 100g = 3.71 bis 37.80", "breadcrumb": "Sortiment > Sortiment > Dr. Oetker Dessert", "pdp_url": "https://sortiment.lidl.ch/de/dr-oetker-dessert-0189068", "product_description": "Artikelnr.: 189068"}
{"product_name": "Bio Tee 9 Kräuter", "brand": "lord_nelson", "regular_price": 1.09, "selling_price": 1.09, "price_per_unit": "pro 20x2g | 100g = 2.73 CHF", "breadcrumb": "Sortiment > Sortiment > Bio Tee 9 Kräuter", "pdp_url": "https://sortiment.lidl.ch/de/bio-tee-9-kraeuter-0018852", "product_description": "Artikelnr.: 18852"}
{"product_name": "Thymian", "brand": "kania", "regular_price": 0.95, "selling_price": 0.95, "price_per_unit": "pro 20g | 100g = 4.75 CHF", "breadcrumb": "Sortiment > Sortiment > Thymian", "pdp_url": "https://sortiment.lidl.ch/de/thymian-0012873", "product_description": "Artikelnr.: 12873"}
{"product_name": "Kirschtomatensauce", "brand": "baresa", "regular_price": 1.59, "selling_price": 1.59, "price_per_unit": "pro 330g | 100g = 0.49 CHF", "breadcrumb": "Sortiment > Sortiment > Kirschtomatensauce", "pdp_url": "https://sortiment.lidl.ch/de/kirschtomatensauce-6015800", "product_description": "Artikelnr.: 6015800"}
{"product_name": "Gouda Scheiben", "brand": "milbona", "regular_price": 3.65, "selling_price": 3.65, "price_per_unit": "pro 400g | 100g = 0.92 CHF", "breadcrumb": "Sortiment > Sortiment > Gouda Scheiben", "pdp_url": "https://sortiment.lidl.ch/de/gouda-scheiben-0038892", "product_description": "Artikelnr.: 38892"}
{"product_name": "Veggie-Mix", "brand": "vemondo", "regular_price": 2.59, "selling_price": 2.59, "price_per_unit": "pro 400g | 100g = 0.65 CHF", "breadcrumb": "Sortiment > Sortiment > Veggie-Mix", "pdp_url": "https://sortiment.lidl.ch/de/veggie-mix-0164062", "product_description": "Artikelnr.: 164062"}
{"product_name": "Edamame Bohnen", "brand": "vitasia", "regular_price": 2.95, "selling_price": 2.95, "price_per_unit": "pro 400g | 100g = 0.74 CHF", "breadcrumb": "Sortiment > Sortiment > Edamame Bohnen", "pdp_url": "https://sortiment.lidl.ch/de/edamame-bohnen-0134827", "product_description": "Artikelnr.: 134827"}
{"product_name": "Trio Mini Donuts", "brand": "confiserie_firenze", "regular_price": 2.99, "selling_price": 2.99, "price_per_unit": "pro 276g | 100g = 1.09 CHF", "breadcrumb": "Sortiment > Sortiment > Trio Mini Donuts", "pdp_url": "https://sortiment.lidl.ch/de/trio-mini-donuts-7407869", "product_description": "Artikelnr.: 7407869"}
{"product_name": "Hackfleisch gemischt", "brand": "bonvalle", "regular_price": 5.69, "selling_price": 5.69, "price_per_unit": "pro 300g | 100g = 1.90 CHF", "breadcrumb": "Sortiment > Sortiment > Hackfleisch gemischt", "pdp_url": "https://sortiment.lidl.ch/de/hackfleisch-gemischt-5110555", "product_description": "Artikelnr.: 5110555"}
{"product_name": "Urnäscher Kronbachkäse", "brand": "", "regular_price": 3.99, "selling_price": 3.99, "price_per_unit": "pro 185g | 100g = 2.16 CHF", "breadcrumb": "Sortiment > Sortiment > Urnäscher Kronbachkäse", "pdp_url": "https://sortiment.lidl.ch/de/urnaescher-kronbachkaese-5111755", "product_description": "Artikelnr.: 5111755"}
{"product_name": "Katjes Vitaminis", "brand": "", "regular_price": 1.69, "selling_price": 1.69, "price_per_unit": "pro 160g | 100g = 1.06 CHF", "breadcrumb": "Sortiment > Sortiment > Katjes Vitaminis", "pdp_url": "https://sortiment.lidl.ch/de/katjes-vitaminis-0195012", "product_description": "Artikelnr.: 195012"}
{"product_name": "Davoser Bergkäse", "brand": "", "regular_price": 3.99, "selling_price": 3.99, "price_per_unit": "pro 185g | 100g = 2.16 CHF", "breadcrumb": "Sortiment > Sortiment > Davoser Bergkäse", "pdp_url": "https://sortiment.lidl.ch/de/davoser-bergkaese-5102771", "product_description": "Artikelnr.: 5102771"}
{"product_name": "MSC Alaska Seelachsfilet", "brand": "ocean_sea", "regular_price": 6.99, "selling_price": 6.99, "price_per_unit": "pro 800g, 1000g Abtropfgewicht | 100g = 0.88, 0.70 CHF", "breadcrumb": "Sortiment > Sortiment > MSC Alaska Seelachsfilet", "pdp_url": "https://sortiment.lidl.ch/de/msc-alaska-seelachsfilet-0190905", "product_description": "Artikelnr.: 190905"}
{"product_name": "Bardolino DOC", "brand": "", "regular_price": 3.79, "selling_price": 3.79, "price_per_unit": "pro 0,75l | 1L = 5.06 CHF", "breadcrumb": "Sortiment > Sortiment > Bardolino DOC", "pdp_url": "https://sortiment.lidl.ch/de/bardolino-doc-0188106", "product_description": "Artikelnr.: 188106"}
{"product_name": "Katjes Wunderland", "brand": "", "regular_price": 1.69, "selling_price": 1.69, "price_per_unit": "pro 175g | 100g = 0.97 CHF", "breadcrumb": "Sortiment > Sortiment > Katjes Wunderland", "pdp_url": "https://sortiment.lidl.ch/de/katjes-wunderland-0195037", "product_description": "Artikelnr.: 195037"}
{"product_name": "aufgebrühter Eiste", "brand": "freeway", "regular_price": 0.79, "selling_price": 0.79, "price_per_unit": "pro 1l |", "breadcrumb": "Sortiment > Sortiment > aufgebrühter Eiste", "pdp_url": "https://sortiment.lidl.ch/de/aufgebruehter-eiste-0192813", "product_description": "Artikelnr.: 192813"}
{"product_name": "Terra Natura Butterweggli", "brand": "", "regular_price": 0.59, "selling_price": 0.59, "price_per_unit": "pro 60g | 100g = 0.99 CHF", "breadcrumb": "Sortiment > Sortiment > Terra Natura Butterweggli", "pdp_url": "https://sortiment.lidl.ch/de/terra-natura-butterweggli-5111843", "product_description": "Artikelnr.: 5111843 Butterweggli, aufgetaut. Zutaten: Weizenweissmehl *, Wasser, 8% Butter , Hefe, Eier **, jodiertes Speisesalz (Speisesalz, Kaliumiodat), Weizenkleber , Buttermilchpulver , Gerstenmalzmehl , Laktose , Dextrose, Weizenstärke , Mehlbehandlungsmittel: Ascorbinsäure. Kann Spuren von Erdnüssen, Soja, Schalenfrüchten, Sellerie, Senf, Sesam und Sulfiten enthalten . *in IP-SUISSE-Qualität **Eier aus Bodenhaltung.  Hergestellt in der Schweiz."}
{"product_name": "Bauernspeck", "brand": "maestade", "regular_price": 2.99, "selling_price": 2.99, "price_per_unit": "pro 100g |", "breadcrumb": "Sortiment > Sortiment > Bauernspeck", "pdp_url": "https://sortiment.lidl.ch/de/bauernspeck-5111442", "product_description": "Artikelnr.: 5111442"}
{"product_name": "Katjes Fruchtgummi", "brand": "", "regular_price": 1.69, "selling_price": 1.69, "price_per_unit": "pro 175g | 100g = 0.97 CHF", "breadcrumb": "Sortiment > Sortiment > Katjes Fruchtgummi", "pdp_url": "https://sortiment.lidl.ch/de/katjes-fruchtgummi-0195029", "product_description": "Artikelnr.: 195029"}
{"product_name": "Heinz Tomato Ketchup", "brand": "heinz", "regular_price": 5.35, "selling_price": 5.35, "price_per_unit": "pro 800ml | 1L = 6.69 CHF", "breadcrumb": "Sortiment > Sortiment > Heinz Tomato Ketchup", "pdp_url": "https://sortiment.lidl.ch/de/heinz-tomato-ketchup-1800079", "product_description": "Artikelnr.: 1800079"}
{"product_name": "Heidelbeeren 400g", "brand": "", "regular_price": 5.49, "selling_price": 5.49, "price_per_unit": "pro 400g | 100g = 1.38 CHF", "breadcrumb": "Sortiment > Sortiment > Heidelbeeren 400g", "pdp_url": "https://sortiment.lidl.ch/de/heidelbeeren-400g-0080818", "product_description": "Artikelnr.: 80818"}
{"product_name": "Capri Sun Multivitamin", "brand": "", "regular_price": 5.89, "selling_price": 5.89, "price_per_unit": "pro 10x0,2l | 1L = 2.95 CHF", "breadcrumb": "Sortiment > Sortiment > Capri Sun Multivitamin", "pdp_url": "https://sortiment.lidl.ch/de/capri-sun-multivitamin-0191010", "product_description": "Artikelnr.: 191010"}
{"product_name": "Bio Dillspitzen gerebelt", "brand": "kania", "regular_price": 1.49, "selling_price": 1.49, "price_per_unit": "pro 12g | 100g = 12.42 CHF", "breadcrumb": "Sortiment > Sortiment > Bio Dillspitzen gerebelt", "pdp_url": "https://sortiment.lidl.ch/de/bio-dillspitzen-gerebelt-0181214", "product_description": "Artikelnr.: 181214"}
{"product_name": "Kleinflaschen Wallis AOC", "brand": "", "regular_price": 3.25, "selling_price": 3.25, "price_per_unit": "pro 0,25l | 1L = 13.00 CHF", "breadcrumb": "Sortiment > Sortiment > Kleinflaschen Wallis AOC", "pdp_url": "https://sortiment.lidl.ch/de/kleinflaschen-wallis-aoc-5111279", "product_description": "Artikelnr.: 5111279"}
{"product_name": "Bio Chasselas Vaudoise", "brand": "", "regular_price": 6.99, "selling_price": 6.99, "price_per_unit": "pro 0,75l | 1L = 9.32 CHF", "breadcrumb": "Sortiment > Sortiment > Bio Chasselas Vaudoise", "pdp_url": "https://sortiment.lidl.ch/de/bio-chasselas-vaudoise-5110452", "product_description": "Artikelnr.: 5110452"}
{"product_name": "Scamorza", "brand": "milbona", "regular_price": 3.49, "selling_price": 3.49, "price_per_unit": "pro 300g | 100g = 1.17 CHF", "breadcrumb": "Sortiment > Sortiment > Scamorza", "pdp_url": "https://sortiment.lidl.ch/de/scamorza-6000888", "product_description": "Artikelnr.: 6000888"}
{"product_name": "Schweizer Blattspinat", "brand": "freshona", "regular_price": 3.49, "selling_price": 3.49, "price_per_unit": "pro 750g | 100g = 0.47 CHF", "breadcrumb": "Sortiment > Sortiment > Schweizer Blattspinat", "pdp_url": "https://sortiment.lidl.ch/de/schweizer-blattspinat-5111304", "product_description": "Artikelnr.: 5111304"}
{"product_name": "Alustar Aluminiumfolie", "brand": "", "regular_price": 4.25, "selling_price": 4.25, "price_per_unit": "pro Stück |", "breadcrumb": "Sortiment > Sortiment > Alustar Aluminiumfolie", "pdp_url": "https://sortiment.lidl.ch/de/alustar-aluminiumfolie-5111811", "product_description": "Artikelnr.: 5111811"}
{"product_name": "Meridol Zahnpasta Zahnfleischschutz", "brand": "", "regular_price": 5.15, "selling_price": 5.15, "price_per_unit": "pro 75ml | 100g = 6.87 CHF", "breadcrumb": "Sortiment > Sortiment > Meridol Zahnpasta Zahnfleischschutz", "pdp_url": "https://sortiment.lidl.ch/de/meridol-zahnpasta-zahnfleischschutz-0187448", "product_description": "Artikelnr.: 187448"}
{"product_name": "Magnesium Brause-Tabletten", "brand": "optisana", "regular_price": 1.99, "selling_price": 1.99, "price_per_unit": "pro 12 Stück | 1 Stk = 0.17 CHF", "breadcrumb": "Sortiment > Sortiment > Magnesium Brause-Tabletten", "pdp_url": "https://sortiment.lidl.ch/de/magnesium-brause-tabletten-0184680", "product_description": "Artikelnr.: 184680"}
{"product_name": "Kaffeebohnen Barista Crema", "brand": "bellarom", "regular_price": 10.99, "selling_price": 10.99, "price_per_unit": "pro 1kg |", "breadcrumb": "Sortiment > Sortiment > Kaffeebohnen Barista Crema", "pdp_url": "https://sortiment.lidl.ch/de/kaffeebohnen-barista-crema-0155852", "product_description": "Artikelnr.: 155852"}
{"product_name": "Kaffeebohnen Barista Espresso", "brand": "bellarom", "regular_price": 10.99, "selling_price": 10.99, "price_per_unit": "pro 1kg |", "breadcrumb": "Sortiment > Sortiment > Kaffeebohnen Barista Espresso", "pdp_url": "https://sortiment.lidl.ch/de/kaffeebohnen-barista-espresso-0155851", "product_description": "Artikelnr.: 155851"}
{"product_name": "Amerikanische Pfannkuchen", "brand": "chef_select_you", "regular_price": 3.79, "selling_price": 3.79, "price_per_unit": "pro 300g | 100g = 1.27 CHF", "breadcrumb": "Sortiment > Sortiment > Amerikanische Pfannkuchen", "pdp_url": "https://sortiment.lidl.ch/de/amerikanische-pfannkuchen-6600113", "product_description": "Artikelnr.: 6600113"}
{"product_name": "Bio Grana Padano DOP", "brand": "milbona", "regular_price": 2.59, "selling_price": 2.59, "price_per_unit": "pro 100g |", "breadcrumb": "Sortiment > Sortiment > Bio Grana Padano DOP", "pdp_url": "https://sortiment.lidl.ch/de/bio-grana-padano-dop-0174369", "product_description": "Artikelnr.: 174369"}
{"product_name": "High Protein Quarkriegel", "brand": "milbona", "regular_price": 0.99, "selling_price": 0.99, "price_per_unit": "pro 40g | 100g = 2.48 CHF", "breadcrumb": "Sortiment > Sortiment > High Protein Quarkriegel", "pdp_url": "https://sortiment.lidl.ch/de/high-protein-quarkriegel-7601000", "product_description": "Artikelnr.: 7601000"}
{"product_name": "Way To Go Milchschokolade", "brand": "fairglobe", "regular_price": 2.39, "selling_price": 2.39, "price_per_unit": "pro 180g | 100g = 1.33 CHF", "breadcrumb": "Sortiment > Sortiment > Way To Go Milchschokolade", "pdp_url": "https://sortiment.lidl.ch/de/way-to-go-milchschokolade-0181055", "product_description": "Artikelnr.: 181055"}
{"product_name": "Bio Orangensaft", "brand": "solevita", "regular_price": 1.99, "selling_price": 1.99, "price_per_unit": "pro 1l |", "breadcrumb": "Sortiment > Sortiment > Bio Orangensaft", "pdp_url": "https://sortiment.lidl.ch/de/bio-orangensaft-0119408", "product_description": "Artikelnr.: 119408"}
{"product_name": "Bio Pfeffer / Bio Knoblauch", "brand": "kania", "regular_price": 1.49, "selling_price": 1.49, "price_per_unit": "pro 45g, 60g | 100g = 3.32, 2.49 CHF", "breadcrumb": "Sortiment > Sortiment > Bio Pfeffer / Bio Knoblauch", "pdp_url": "https://sortiment.lidl.ch/de/bio-pfeffer-bio-knoblauch-0186841", "product_description": "Artikelnr.: 186841"}
{"product_name": "Ferrero Kinder Bueno White", "brand": "", "regular_price": 2.69, "selling_price": 2.69, "price_per_unit": "pro 117g | 100g = 2.30 CHF", "breadcrumb": "Sortiment > Sortiment > Ferrero Kinder Bueno White", "pdp_url": "https://sortiment.lidl.ch/de/ferrero-kinder-bueno-white-0111328", "product_description": "Artikelnr.: 111328"}
{"product_name": "Bio Champignons braun", "brand": "bio_organic", "regular_price": 1.79, "selling_price": 1.79, "price_per_unit": "pro 250g | 100g = 0.72 CHF", "breadcrumb": "Sortiment > Sortiment > Bio Champignons braun", "pdp_url": "https://sortiment.lidl.ch/de/bio-champignons-braun-0084597", "product_description": "Artikelnr.: 84597"}
{"product_name": "SodaStream CO2 Zylinder Pink", "brand": "", "regular_price": 24.99, "selling_price": 24.99, "price_per_unit": "pro 425g |", "breadcrumb": "Sortiment > Sortiment > SodaStream CO2 Zylinder Pink", "pdp_url": "https://sortiment.lidl.ch/de/sodastream-co2-zylinder-pink-0186994", "product_description": "Artikelnr.: 186994"}
{"product_name": "Silserkranz", "brand": "", "regular_price": 2.95, "selling_price": 2.95, "price_per_unit": "pro 360g | 100g = 0.82 CHF", "breadcrumb": "Sortiment > Sortiment > Silserkranz", "pdp_url": "https://sortiment.lidl.ch/de/silserkranz-5111451", "product_description": "Artikelnr.: 5111451 Laugenbrot, aufgetaut. Zutaten: 50% Weizenmehl ,  Wasser, Rapsöl, Backhefe, Speisesalz, Butter , pflanzliche Fette und Öle (Kokosfett, Rapsöl, Rapsöl ganz gehärtet), Säureregulator: Natriumhydroxid, Dextrose, Weizenkleber , Gerstenmalzmehl , getrockneter Sauerteig ( Roggen , Weizen ), Weizenquellstärke , Roggenmehl , Emulgatoren: Milchsäureester von Mono- und Diglyceriden von Speisefettsäuren, Mono- und Diglyceride von Speisefettsäuren, Säuerungsmittel: Citronensäure, natürliches Aroma, Acerola-Fruchtpulver (auf Maltodextrin). Kann Spuren von Ei, Erdnüsse, Soja, Schalenfrüchte (Nüsse), Sellerie, Senf, Sesam und Sulfiten enthalten . Hergestellt in der Schweiz."}
{"product_name": "Eistee", "brand": "solevita", "regular_price": 3.89, "selling_price": 3.89, "price_per_unit": "pro 9x0,5l | 1L = 0.87 CHF", "breadcrumb": "Sortiment > Sortiment > Eistee", "pdp_url": "https://sortiment.lidl.ch/de/eistee-0195468", "product_description": "Artikelnr.: 195468"}
{"product_name": "Way to Go Orangensaft", "brand": "fairglobe", "regular_price": 1.99, "selling_price": 1.99, "price_per_unit": "pro 1l |", "breadcrumb": "Sortiment > Sortiment > Way to Go Orangensaft", "pdp_url": "https://sortiment.lidl.ch/de/way-to-go-orangensaft-0194830", "product_description": "Artikelnr.: 194830"}
{"product_name": "Fortezza dei Colli Chianti Classico Doca", "brand": "", "regular_price": 9.99, "selling_price": 9.99, "price_per_unit": "pro 0,75l | 1L = 13.32 CHF", "breadcrumb": "Sortiment > Sortiment > Fortezza dei Colli Chianti Classico Doca", "pdp_url": "https://sortiment.lidl.ch/de/fortezza-dei-colli-chianti-classico-doca-0188420", "product_description": "Artikelnr.: 188420"}
{"product_name": "Gorgonzola DOP", "brand": "milbona", "regular_price": 2.79, "selling_price": 2.79, "price_per_unit": "pro 200g | 100g = 1.40 CHF", "breadcrumb": "Sortiment > Sortiment > Gorgonzola DOP", "pdp_url": "https://sortiment.lidl.ch/de/gorgonzola-dop-6007296", "product_description": "Artikelnr.: 6007296"}
{"product_name": "Durex Kondome sort.", "brand": "durex", "regular_price": 10.79, "selling_price": 10.79, "price_per_unit": "pro 10Stk | 1 Stk = 1.08 CHF", "breadcrumb": "Sortiment > Sortiment > Durex Kondome sort.", "pdp_url": "https://sortiment.lidl.ch/de/durex-kondome-sort-1800027", "product_description": "Artikelnr.: 1800027"}
{"product_name": "Vorderschinken", "brand": "maestade", "regular_price": 2.65, "selling_price": 2.65, "price_per_unit": "pro 150g | 100g = 1.77 CHF", "breadcrumb": "Sortiment > Sortiment > Vorderschinken", "pdp_url": "https://sortiment.lidl.ch/de/vorderschinken-5111428", "product_description": "Artikelnr.: 5111428"}
{"product_name": "Minipic", "brand": "", "regular_price": 3.45, "selling_price": 3.45, "price_per_unit": "pro 5x18g | 100g = 3.84 CHF", "breadcrumb": "Sortiment > Sortiment > Minipic", "pdp_url": "https://sortiment.lidl.ch/de/minipic-5111410", "product_description": "Artikelnr.: 5111410"}
{"product_name": "Envitas", "brand": "sondey", "regular_price": 3.79, "selling_price": 3.79, "price_per_unit": "pro 253g | 100g = 1.50 CHF", "breadcrumb": "Sortiment > Sortiment > Envitas", "pdp_url": "https://sortiment.lidl.ch/de/envitas-6600940", "product_description": "Artikelnr.: 6600940"}
{"product_name": "2in1 Shampoo & Duschgel Kids", "brand": "cien", "regular_price": 1.45, "selling_price": 1.45, "price_per_unit": "pro 400ml | 100ML = 0.37 CHF", "breadcrumb": "Sortiment > Sortiment > 2in1 Shampoo & Duschgel Kids", "pdp_url": "https://sortiment.lidl.ch/de/2in1-shampoo-duschgel-kids-0188550", "product_description": "Artikelnr.: 188550"}
{"product_name": "Softfrucht Pflaumen aus Agen", "brand": "alesto", "regular_price": 1.99, "selling_price": 1.99, "price_per_unit": "pro 200g | 100g = 1.00 CHF", "breadcrumb": "Sortiment > Sortiment > Softfrucht Pflaumen aus Agen", "pdp_url": "https://sortiment.lidl.ch/de/softfrucht-pflaumen-aus-agen-5605143", "product_description": "Artikelnr.: 5605143"}
{"product_name": "Softfrucht Aprikosen", "brand": "alesto", "regular_price": 2.35, "selling_price": 2.35, "price_per_unit": "pro 200g | 100g = 1.18 CHF", "breadcrumb": "Sortiment > Sortiment > Softfrucht Aprikosen", "pdp_url": "https://sortiment.lidl.ch/de/softfrucht-aprikosen-5602246", "product_description": "Artikelnr.: 5602246"}
{"product_name": "Softfrüchte Feigen", "brand": "alesto", "regular_price": 2.35, "selling_price": 2.35, "price_per_unit": "pro 200g | 100g = 1.18 CHF", "breadcrumb": "Sortiment > Sortiment > Softfrüchte Feigen", "pdp_url": "https://sortiment.lidl.ch/de/softfruechte-feigen-5602245", "product_description": "Artikelnr.: 5602245"}
{"product_name": "Softfrucht Datteln", "brand": "alesto", "regular_price": 1.99, "selling_price": 1.99, "price_per_unit": "pro 200g | 100g = 1.00 CHF", "breadcrumb": "Sortiment > Sortiment > Softfrucht Datteln", "pdp_url": "https://sortiment.lidl.ch/de/softfrucht-datteln-5602244", "product_description": "Artikelnr.: 5602244"}
{"product_name": "Glaskeramik Reiniger", "brand": "w5", "regular_price": 3.49, "selling_price": 3.49, "price_per_unit": "pro 500ml | 1L = 6.98 CHF", "breadcrumb": "Sortiment > Sortiment > Glaskeramik Reiniger", "pdp_url": "https://sortiment.lidl.ch/de/glaskeramik-reiniger-0160871", "product_description": "Artikelnr.: 160871"}
{"product_name": "Coca-Cola Original", "brand": "coca-cola", "regular_price": 8.25, "selling_price": 8.25, "price_per_unit": "pro 8x0,33l | 1L = 3.13 CHF", "breadcrumb": "Sortiment > Sortiment > Coca-Cola Original", "pdp_url": "https://sortiment.lidl.ch/de/coca-cola-original-1800050", "product_description": "Artikelnr.: 1800050"}
{"product_name": "Butterweggen", "brand": "", "regular_price": 2.99, "selling_price": 2.99, "price_per_unit": "pro 380g P | 100g = 0.79 CHF", "breadcrumb": "Sortiment > Sortiment > Butterweggen", "pdp_url": "https://sortiment.lidl.ch/de/butterweggen-5111446", "product_description": "Artikelnr.: 5111446 Hefeteiggebäck mit Butter. Zutaten: Weizenmehl, Wasser, 8% Butter , Vollei *, Hefe, Speisesalz jodiert, Zucker, Buttermilchpulver , Molkenpulver , Traubenzucker, Weizenkleber , Malzmehl ( Gerste, Weizen ), Laktose, Mehlbehandlungsmittel: Ascorbinsäure. *Eier aus Freilandhaltung. Kann Spuren von Erdnüsse, Soja,  Schalenfrüchte (Nüsse), Sellerie, Senf, Sesam und Sulfiten enthalten. Hergestellt in der Schweiz."}
{"product_name": "Coca-Cola Zero", "brand": "coca-cola", "regular_price": 8.25, "selling_price": 8.25, "price_per_unit": "pro 8x0,33l | 1L = 3.13 CHF", "breadcrumb": "Sortiment > Sortiment > Coca-Cola Zero", "pdp_url": "https://sortiment.lidl.ch/de/coca-cola-zero-1800051", "product_description": "Artikelnr.: 1800051"}
{"product_name": "Blätterteig", "brand": "chef_select", "regular_price": 1.19, "selling_price": 1.19, "price_per_unit": "pro 230g | 100g = 0.52 CHF", "breadcrumb": "Sortiment > Sortiment > Blätterteig", "pdp_url": "https://sortiment.lidl.ch/de/blaetterteig-0151129", "product_description": "Artikelnr.: 151129"}
{"product_name": "Pringles Chips Original", "brand": "pringles", "regular_price": 1.49, "selling_price": 1.49, "price_per_unit": "pro 40g | 100g = 3.73 CHF", "breadcrumb": "Sortiment > Sortiment > Pringles Chips Original", "pdp_url": "https://sortiment.lidl.ch/de/pringles-chips-original-1800024", "product_description": "Artikelnr.: 1800024"}
{"product_name": "St. Galler Schüblig", "brand": "", "regular_price": 3.79, "selling_price": 3.79, "price_per_unit": "pro 2x140g | 100g = 1.36 CHF", "breadcrumb": "Sortiment > Sortiment > St. Galler Schüblig", "pdp_url": "https://sortiment.lidl.ch/de/st-galler-schueblig-5111457", "product_description": "Artikelnr.: 5111457"}
{"product_name": "Alu-Kaffeekapseln Leggero Lungo", "brand": "bellarom", "regular_price": 3.95, "selling_price": 3.95, "price_per_unit": "pro 20 Stück | 100g = 19.75, 3.47 CHF", "breadcrumb": "Sortiment > Sortiment > Alu-Kaffeekapseln Leggero Lungo", "pdp_url": "https://sortiment.lidl.ch/de/alu-kaffeekapseln-leggero-lungo-0176125", "product_description": "Artikelnr.: 176125"}
{"product_name": "Back-Camembert", "brand": "milbona", "regular_price": 3.49, "selling_price": 3.49, "price_per_unit": "pro 350g | 100g = 1.00 CHF", "breadcrumb": "Sortiment > Sortiment > Back-Camembert", "pdp_url": "https://sortiment.lidl.ch/de/back-camembert-0114014", "product_description": "Artikelnr.: 114014"}
{"product_name": "Greek Style Yogurt", "brand": "milbona", "regular_price": 2.49, "selling_price": 2.49, "price_per_unit": "pro 500g | 100g = 0.50 CHF", "breadcrumb": "Sortiment > Sortiment > Greek Style Yogurt", "pdp_url": "https://sortiment.lidl.ch/de/greek-style-yogurt-0171973", "product_description": "Artikelnr.: 171973"}
{"product_name": "Primitivo Puglia DOP", "brand": "", "regular_price": 4.95, "selling_price": 4.95, "price_per_unit": "pro 0,75l | 1L = 6.60 CHF", "breadcrumb": "Sortiment > Sortiment > Primitivo Puglia DOP", "pdp_url": "https://sortiment.lidl.ch/de/primitivo-puglia-dop-0151636", "product_description": "Artikelnr.: 151636"}
{"product_name": "Mateus Rosé", "brand": "", "regular_price": 6.15, "selling_price": 6.15, "price_per_unit": "pro 0,75l | 1L = 8.20 CHF", "breadcrumb": "Sortiment > Sortiment > Mateus Rosé", "pdp_url": "https://sortiment.lidl.ch/de/mateus-rose-5103714", "product_description": "Artikelnr.: 5103714 *Konkurrenzvergleich:  21.06.2023"}
{"product_name": "ASC Lachsspitzen", "brand": "ocean_sea", "regular_price": 9.99, "selling_price": 9.99, "price_per_unit": "pro 500g | 100g = 2.00 CHF", "breadcrumb": "Sortiment > Sortiment > ASC Lachsspitzen", "pdp_url": "https://sortiment.lidl.ch/de/asc-lachsspitzen-0152828", "product_description": "Artikelnr.: 152828"}
{"product_name": "Balsamico crème", "brand": "acentino", "regular_price": 2.99, "selling_price": 2.99, "price_per_unit": "pro 250ml | 1L = 11.96 CHF", "breadcrumb": "Sortiment > Sortiment > Balsamico crème", "pdp_url": "https://sortiment.lidl.ch/de/balsamico-creme-0161305", "product_description": "Artikelnr.: 161305"}
{"product_name": "Portobello Pilze 300g", "brand": "", "regular_price": 1.99, "selling_price": 1.99, "price_per_unit": "pro 300g | 100g = 0.67 CHF", "breadcrumb": "Sortiment > Sortiment > Portobello Pilze 300g", "pdp_url": "https://sortiment.lidl.ch/de/portobello-pilze-300g-0083054", "product_description": "Artikelnr.: 83054"}
{"product_name": "Fruchtnektare", "brand": "solevita", "regular_price": 1.99, "selling_price": 1.99, "price_per_unit": "pro 1l |", "breadcrumb": "Sortiment > Sortiment > Fruchtnektare", "pdp_url": "https://sortiment.lidl.ch/de/fruchtnektare-0044243", "product_description": "Artikelnr.: 44243"}
{"product_name": "Terea Turquoise", "brand": "", "regular_price": 7.89, "selling_price": 7.89, "price_per_unit": "pro 20 Stück | 1 Stk = 0.40 CHF", "breadcrumb": "Sortiment > Sortiment > Terea Turquoise", "pdp_url": "https://sortiment.lidl.ch/de/terea-turquoise-5111617", "product_description": "Artikelnr.: 5111617"}
{"product_name": "Terea Sienna", "brand": "", "regular_price": 7.89, "selling_price": 7.89, "price_per_unit": "pro 20 Stück | 1 Stk = 0.40 CHF", "breadcrumb": "Sortiment > Sortiment > Terea Sienna", "pdp_url": "https://sortiment.lidl.ch/de/terea-sienna-5111616", "product_description": "Artikelnr.: 5111616"}
{"product_name": "Terea Amber", "brand": "", "regular_price": 7.89, "selling_price": 7.89, "price_per_unit": "pro 20 Stück | 1 Stk = 0.40 CHF", "breadcrumb": "Sortiment > Sortiment > Terea Amber", "pdp_url": "https://sortiment.lidl.ch/de/terea-amber-5111615", "product_description": "Artikelnr.: 5111615"}
{"product_name": "Minor Original Branch", "brand": "", "regular_price": 2.19, "selling_price": 2.19, "price_per_unit": "pro 42g | 100g = 5.22 CHF", "breadcrumb": "Sortiment > Sortiment > Minor Original Branch", "pdp_url": "https://sortiment.lidl.ch/de/minor-original-branch-5111553", "product_description": "Artikelnr.: 5111553"}
{"product_name": "Munz Tafelschokolade", "brand": "munz", "regular_price": 1.99, "selling_price": 1.99, "price_per_unit": "pro 100g |", "breadcrumb": "Sortiment > Sortiment > Munz Tafelschokolade", "pdp_url": "https://sortiment.lidl.ch/de/munz-tafelschokolade-5103106", "product_description": "Artikelnr.: 5103106"}
{"product_name": "ASC Norwegischer Graved Lachs", "brand": "", "regular_price": 4.95, "selling_price": 4.95, "price_per_unit": "pro 150g | 100g = 3.30 CHF", "breadcrumb": "Sortiment > Sortiment > ASC Norwegischer Graved Lachs", "pdp_url": "https://sortiment.lidl.ch/de/asc-norwegischer-graved-lachs-0185461", "product_description": "Artikelnr.: 185461"}
{"product_name": "Kurkuma gemahlen", "brand": "kania", "regular_price": 0.99, "selling_price": 0.99, "price_per_unit": "pro 50g | 100g = 1.98 CHF", "breadcrumb": "Sortiment > Sortiment > Kurkuma gemahlen", "pdp_url": "https://sortiment.lidl.ch/de/kurkuma-gemahlen-0147942", "product_description": "Artikelnr.: 147942"}
{"product_name": "Chicken Nuggets Bauernhof-Tiere", "brand": "culinea", "regular_price": 7.99, "selling_price": 7.99, "price_per_unit": "pro 750g | 100g = 1.07 CHF", "breadcrumb": "Sortiment > Sortiment > Chicken Nuggets Bauernhof-Tiere", "pdp_url": "https://sortiment.lidl.ch/de/chicken-nuggets-bauernhof-tiere-5111098", "product_description": "Artikelnr.: 5111098"}
{"product_name": "Toilettenpapier 4lagig", "brand": "floralys", "regular_price": 5.55, "selling_price": 5.55, "price_per_unit": "pro 1800Blatt | 100 Stk = 0.31 CHF", "breadcrumb": "Sortiment > Sortiment > Toilettenpapier 4lagig", "pdp_url": "https://sortiment.lidl.ch/de/toilettenpapier-4lagig-0181463", "product_description": "Artikelnr.: 181463"}
{"product_name": "Scheuermilch Lemon", "brand": "w5", "regular_price": 1.89, "selling_price": 1.89, "price_per_unit": "pro 750ml | 1L = 2.52 CHF", "breadcrumb": "Sortiment > Sortiment > Scheuermilch Lemon", "pdp_url": "https://sortiment.lidl.ch/de/scheuermilch-lemon-0186027", "product_description": "Artikelnr.: 186027"}
{"product_name": "Ben's Express Reis", "brand": "", "regular_price": 3.29, "selling_price": 3.29, "price_per_unit": "pro 220g, 250g | 100g = 1.50 CHF", "breadcrumb": "Sortiment > Sortiment > Ben's Express Reis", "pdp_url": "https://sortiment.lidl.ch/de/ben-s-express-reis-0008986", "product_description": "Artikelnr.: 8986"}
{"product_name": "Fuet Extra", "brand": "dulano_selection", "regular_price": 4.99, "selling_price": 4.99, "price_per_unit": "pro 170g | 100g = 2.94 CHF", "breadcrumb": "Sortiment > Sortiment > Fuet Extra", "pdp_url": "https://sortiment.lidl.ch/de/fuet-extra-5706318", "product_description": "Artikelnr.: 5706318"}
{"product_name": "Finger Food", "brand": "culinea", "regular_price": 3.29, "selling_price": 3.29, "price_per_unit": "pro 250g | 100g = 1.32 CHF", "breadcrumb": "Sortiment > Sortiment > Finger Food", "pdp_url": "https://sortiment.lidl.ch/de/finger-food-0110739", "product_description": "Artikelnr.: 110739"}
{"product_name": "High Protein Mousse", "brand": "milbona", "regular_price": 1.75, "selling_price": 1.75, "price_per_unit": "pro 175g | 100g = 1.00 CHF", "breadcrumb": "Sortiment > Sortiment > High Protein Mousse", "pdp_url": "https://sortiment.lidl.ch/de/high-protein-mousse-0184078", "product_description": "Artikelnr.: 184078"}
{"product_name": "Krustenkranz", "brand": "", "regular_price": 2.79, "selling_price": 2.79, "price_per_unit": "pro 400g | 100g = 0.70 CHF", "breadcrumb": "Sortiment > Sortiment > Krustenkranz", "pdp_url": "https://sortiment.lidl.ch/de/krustenkranz-5111448", "product_description": "Artikelnr.: 5111448 Weizenbrot. Zutaten: 58% Weizenmehl, Wasser, Backhefe, Margarine [pflanzliche Fette (Palm, Palmkern), pflanzliche Öle (Kokos, Raps), Wasser, Butter ,  Emulgator: Mono- und Diglyceride von Speisefettsäuren, Speisesalz, Aroma (enthält Milch ), Säuerungsmittel: Milchsäure, Farbstoff: Carotin], Speisesalz, Weizenprotein , Gerstenmalz , Dextrose, Weizenstärke , Milchserumpulver , Butter , Zucker, Acerolafruchtpulver (auf Trägerstoff Maltodextrin). Kann Spuren von Ei, Erdnüsse, Soja, Schalenfrüchte (Nüsse), Sellerie, Senf, Sesam und Sulfiten enthalten. Hergestellt in der Schweiz."}
{"product_name": "Sandwiches", "brand": "chef_select_to_go", "regular_price": 2.85, "selling_price": 2.85, "price_per_unit": "pro 185g | 100g = 1.55 CHF", "breadcrumb": "Sortiment > Sortiment > Sandwiches", "pdp_url": "https://sortiment.lidl.ch/de/sandwiches-0011443", "product_description": "Artikelnr.: 11443"}
{"product_name": "Aperol Spritz", "brand": "", "regular_price": 13.89, "selling_price": 13.89, "price_per_unit": "pro 3x0,2l | 1L = 23.15 CHF", "breadcrumb": "Sortiment > Sortiment > Aperol Spritz", "pdp_url": "https://sortiment.lidl.ch/de/aperol-spritz-5111669", "product_description": "Artikelnr.: 5111669"}
{"product_name": "Susumaniello Puglia IGP", "brand": "", "regular_price": 9.99, "selling_price": 9.99, "price_per_unit": "pro 0,75l | 1L = 13.32 CHF", "breadcrumb": "Sortiment > Sortiment > Susumaniello Puglia IGP", "pdp_url": "https://sortiment.lidl.ch/de/susumaniello-puglia-igp-0168195", "product_description": "Artikelnr.: 168195"}
{"product_name": "Heinz Sauce Andalouse", "brand": "heinz", "regular_price": 5.09, "selling_price": 5.09, "price_per_unit": "pro 400ml | 1L = 12.73 CHF", "breadcrumb": "Sortiment > Sortiment > Heinz Sauce Andalouse", "pdp_url": "https://sortiment.lidl.ch/de/heinz-sauce-andalouse-0008980", "product_description": "Artikelnr.: 8980 *Konkurrenzvergleich:  15.05.2024"}
{"product_name": "Stabinger Schnitten", "brand": "", "regular_price": 2.25, "selling_price": 2.25, "price_per_unit": "pro 100g, 130g | 100g = 2.25, 1.74 CHF", "breadcrumb": "Sortiment > Sortiment > Stabinger Schnitten", "pdp_url": "https://sortiment.lidl.ch/de/stabinger-schnitten-6015997", "product_description": "Artikelnr.: 6015997"}
{"product_name": "Stabinger Ricottatorten", "brand": "", "regular_price": 4.99, "selling_price": 4.99, "price_per_unit": "pro 300g | 100g = 1.67 CHF", "breadcrumb": "Sortiment > Sortiment > Stabinger Ricottatorten", "pdp_url": "https://sortiment.lidl.ch/de/stabinger-ricottatorten-6015993", "product_description": "Artikelnr.: 6015993"}
{"product_name": "High Protein Chicken Chips", "brand": "maestade", "regular_price": 2.25, "selling_price": 2.25, "price_per_unit": "pro 40g | 100g = 5.63 CHF", "breadcrumb": "Sortiment > Sortiment > High Protein Chicken Chips", "pdp_url": "https://sortiment.lidl.ch/de/high-protein-chicken-chips-5111414", "product_description": "Artikelnr.: 5111414"}
{"product_name": "High Protein Beef Chips", "brand": "maestade", "regular_price": 2.79, "selling_price": 2.79, "price_per_unit": "pro 40g | 100g = 6.98 CHF", "breadcrumb": "Sortiment > Sortiment > High Protein Beef Chips", "pdp_url": "https://sortiment.lidl.ch/de/high-protein-beef-chips-5111413", "product_description": "Artikelnr.: 5111413"}
{"product_name": "Frische Beilagensalate", "brand": "chef_select", "regular_price": 2.49, "selling_price": 2.49, "price_per_unit": "pro 250g, 280g | 100g = 1.00, 0.89 CHF", "breadcrumb": "Sortiment > Sortiment > Frische Beilagensalate", "pdp_url": "https://sortiment.lidl.ch/de/frische-beilagensalate-5111303", "product_description": "Artikelnr.: 5111303"}
{"product_name": "Traditionelle Traiteursalate", "brand": "chef_select", "regular_price": 3.25, "selling_price": 3.25, "price_per_unit": "pro 300g, 410g | 100g = 1.09, 0.80 CHF", "breadcrumb": "Sortiment > Sortiment > Traditionelle Traiteursalate", "pdp_url": "https://sortiment.lidl.ch/de/traditionelle-traiteursalate-5100671", "product_description": "Artikelnr.: 5100671"}
{"product_name": "Velo Ice Cool Mint Strong", "brand": "", "regular_price": 7.99, "selling_price": 7.99, "price_per_unit": "pro 24 Stück | 1 Stk = 0.34 CHF", "breadcrumb": "Sortiment > Sortiment > Velo Ice Cool Mint Strong", "pdp_url": "https://sortiment.lidl.ch/de/velo-ice-cool-mint-strong-5111613", "product_description": "Artikelnr.: 5111613"}
{"product_name": "Bio Babynahrung 5+ Monate", "brand": "lupilu", "regular_price": 1.49, "selling_price": 1.49, "price_per_unit": "pro 190g | 100g = 0.79 CHF", "breadcrumb": "Sortiment > Sortiment > Bio Babynahrung 5+ Monate", "pdp_url": "https://sortiment.lidl.ch/de/bio-babynahrung-5-monate-0131985", "product_description": "Artikelnr.: 131985"}
{"product_name": "Kräutertraum", "brand": "", "regular_price": 4.99, "selling_price": 4.99, "price_per_unit": "pro 150g | 100g = 3.33 CHF", "breadcrumb": "Sortiment > Sortiment > Kräutertraum", "pdp_url": "https://sortiment.lidl.ch/de/kraeutertraum-5111529", "product_description": "Artikelnr.: 5111529"}
{"product_name": "Roter Kopfsalat", "brand": "chef_select", "regular_price": 1.79, "selling_price": 1.79, "price_per_unit": "pro 160g | 100g = 1.12 CHF", "breadcrumb": "Sortiment > Sortiment > Roter Kopfsalat", "pdp_url": "https://sortiment.lidl.ch/de/roter-kopfsalat-5111092", "product_description": "Artikelnr.: 5111092"}
{"product_name": "Snackoliven / Olivenmix", "brand": "baresa", "regular_price": 1.79, "selling_price": 1.79, "price_per_unit": "pro 150g | 100g = 1.20 CHF", "breadcrumb": "Sortiment > Sortiment > Snackoliven / Olivenmix", "pdp_url": "https://sortiment.lidl.ch/de/snackoliven-olivenmix-0162822", "product_description": "Artikelnr.: 162822"}
{"product_name": "Röstzwiebeln", "brand": "", "regular_price": 2.59, "selling_price": 2.59, "price_per_unit": "pro 150g | 100g = 1.73 CHF", "breadcrumb": "Sortiment > Sortiment > Röstzwiebeln", "pdp_url": "https://sortiment.lidl.ch/de/roestzwiebeln-0012893", "product_description": "Artikelnr.: 12893"}
{"product_name": "Vegane Teigwaren", "brand": "vemondo", "regular_price": 1.99, "selling_price": 1.99, "price_per_unit": "pro 500g | 100g = 0.40 CHF", "breadcrumb": "Sortiment > Sortiment > Vegane Teigwaren", "pdp_url": "https://sortiment.lidl.ch/de/vegane-teigwaren-7711334", "product_description": "Artikelnr.: 7711334"}
{"product_name": "Bio Knusper-Holzofenbrot", "brand": "", "regular_price": 3.79, "selling_price": 3.79, "price_per_unit": "pro 390g | 100g = 0.98 CHF", "breadcrumb": "Sortiment > Sortiment > Bio Knusper-Holzofenbrot", "pdp_url": "https://sortiment.lidl.ch/de/bio-knusper-holzofenbrot-5111402", "product_description": "Artikelnr.: 5111402 Bio Weizenbrot. Zutaten: 60% Weizenmehl1 [weiss, ruch, vollkorn], Wasser, 5,5% Roggenschrot1 , Roggensauerteig [Wasser, Roggenvollkornmehl1 , Hefe1], Sesam1,  Haferflocken1, Speisesalz jodiert, Weizenkeime1 , Hefe1, Röstroggen1, Oblade [Maisstärke1, Kartoffelstärke1, Kakaopulver1, Zucker1, Karamell1, Emulgator: Sonnenblumenlecithine1]. Kann Spuren von Ei, Erdnüsse, Soja, Milch, Schalenfrüchte (Nüsse), Sellerie, Senf und Sulfiten enthalten. 1aus biologischer Landwirtschaft. Hergestellt in der Schweiz. CH-BIO-006"}
{"product_name": "Chio Jumpys Sunny Paprika", "brand": "chio", "regular_price": 2.85, "selling_price": 2.85, "price_per_unit": "pro 100g |", "breadcrumb": "Sortiment > Sortiment > Chio Jumpys Sunny Paprika", "pdp_url": "https://sortiment.lidl.ch/de/chio-jumpys-sunny-paprika-5111342", "product_description": "Artikelnr.: 5111342"}
{"product_name": "Multivitaminsaft", "brand": "solevita", "regular_price": 1.65, "selling_price": 1.65, "price_per_unit": "pro 1l |", "breadcrumb": "Sortiment > Sortiment > Multivitaminsaft", "pdp_url": "https://sortiment.lidl.ch/de/multivitaminsaft-5111226", "product_description": "Artikelnr.: 5111226"}
{"product_name": "Chow Mein Nudeln", "brand": "combino", "regular_price": 1.59, "selling_price": 1.59, "price_per_unit": "pro 250g | 100g = 0.64 CHF", "breadcrumb": "Sortiment > Sortiment > Chow Mein Nudeln", "pdp_url": "https://sortiment.lidl.ch/de/chow-mein-nudeln-0012038", "product_description": "Artikelnr.: 12038"}
{"product_name": "Wander Caotina Original", "brand": "", "regular_price": 11.19, "selling_price": 11.19, "price_per_unit": "pro 750g | 100g = 1.50 CHF", "breadcrumb": "Sortiment > Sortiment > Wander Caotina Original", "pdp_url": "https://sortiment.lidl.ch/de/wander-caotina-original-5111289", "product_description": "Artikelnr.: 5111289"}
{"product_name": "Cevapcici vom Rind", "brand": "culinea", "regular_price": 9.99, "selling_price": 9.99, "price_per_unit": "pro 750g | 100g = 1.34 CHF", "breadcrumb": "Sortiment > Sortiment > Cevapcici vom Rind", "pdp_url": "https://sortiment.lidl.ch/de/cevapcici-vom-rind-5111100", "product_description": "Artikelnr.: 5111100"}
{"product_name": "Burek", "brand": "culinea", "regular_price": 5.99, "selling_price": 5.99, "price_per_unit": "pro 750g | 100g = 0.80 CHF", "breadcrumb": "Sortiment > Sortiment > Burek", "pdp_url": "https://sortiment.lidl.ch/de/burek-7306429", "product_description": "Artikelnr.: 7306429"}
{"product_name": "Pure Taste Hundevollnahrung", "brand": "orlando", "regular_price": 1.35, "selling_price": 1.35, "price_per_unit": "pro 400g | 100g = 0.34 CHF", "breadcrumb": "Sortiment > Sortiment > Pure Taste Hundevollnahrung", "pdp_url": "https://sortiment.lidl.ch/de/pure-taste-hundevollnahrung-0189222", "product_description": "Artikelnr.: 189222"}
{"product_name": "Hackfleisch gemischt light", "brand": "bonvalle", "regular_price": 5.99, "selling_price": 5.99, "price_per_unit": "pro 370g | 100g = 1.62 CHF", "breadcrumb": "Sortiment > Sortiment > Hackfleisch gemischt light", "pdp_url": "https://sortiment.lidl.ch/de/hackfleisch-gemischt-light-5110593", "product_description": "Artikelnr.: 5110593"}
{"product_name": "Bio Apfelsaft naturtrüb", "brand": "solevita", "regular_price": 1.99, "selling_price": 1.99, "price_per_unit": "pro 1000ml |", "breadcrumb": "Sortiment > Sortiment > Bio Apfelsaft naturtrüb", "pdp_url": "https://sortiment.lidl.ch/de/bio-apfelsaft-naturtrueb-5111223", "product_description": "Artikelnr.: 5111223"}
{"product_name": "Apfelsaft", "brand": "solevita", "regular_price": 1.79, "selling_price": 1.79, "price_per_unit": "pro 1,5l | 1L = 1.20 CHF", "breadcrumb": "Sortiment > Sortiment > Apfelsaft", "pdp_url": "https://sortiment.lidl.ch/de/apfelsaft-5111224", "product_description": "Artikelnr.: 5111224"}
{"product_name": "Lammfiletspiess mariniert", "brand": "carnesi", "regular_price": 3.49, "selling_price": 3.49, "price_per_unit": "pro 100g, ca. 200-300g |", "breadcrumb": "Sortiment > Sortiment > Lammfiletspiess mariniert", "pdp_url": "https://sortiment.lidl.ch/de/lammfiletspiess-mariniert-5111212", "product_description": "Artikelnr.: 5111212"}
{"product_name": "LOreal Paris Elvital Spülung / Maske", "brand": "", "regular_price": 5.49, "selling_price": 5.49, "price_per_unit": "pro 300ml | 100ML = 2.20, 1.83 CHF", "breadcrumb": "Sortiment > Sortiment > LOreal Paris Elvital Spülung / Maske", "pdp_url": "https://sortiment.lidl.ch/de/l-oreal-paris-elvital-spuelung-maske-0180519", "product_description": "Artikelnr.: 180519"}
{"product_name": "LOreal Paris Elvital Shampoo", "brand": "", "regular_price": 5.49, "selling_price": 5.49, "price_per_unit": "pro 400ml | 100ML = 1.38 CHF", "breadcrumb": "Sortiment > Sortiment > LOreal Paris Elvital Shampoo", "pdp_url": "https://sortiment.lidl.ch/de/l-oreal-paris-elvital-shampoo-0180516", "product_description": "Artikelnr.: 180516"}
{"product_name": "Geschirr-Reiniger- Tabs", "brand": "w5", "regular_price": 4.19, "selling_price": 4.19, "price_per_unit": "pro 60x15g | 1 Stk = 0.07 CHF", "breadcrumb": "Sortiment > Sortiment > Geschirr-Reiniger- Tabs", "pdp_url": "https://sortiment.lidl.ch/de/geschirr-reiniger-tabs-0180003", "product_description": "Artikelnr.: 180003"}
{"product_name": "Orangensaft", "brand": "solevita", "regular_price": 1.99, "selling_price": 1.99, "price_per_unit": "pro 1000ml |", "breadcrumb": "Sortiment > Sortiment > Orangensaft", "pdp_url": "https://sortiment.lidl.ch/de/orangensaft-0110447", "product_description": "Artikelnr.: 110447"}
{"product_name": "Crème Fraîche mit Kräutern", "brand": "milbona", "regular_price": 2.79, "selling_price": 2.79, "price_per_unit": "pro 200g | 100g = 1.40 CHF", "breadcrumb": "Sortiment > Sortiment > Crème Fraîche mit Kräutern", "pdp_url": "https://sortiment.lidl.ch/de/creme-fraiche-mit-kraeutern-5110066", "product_description": "Artikelnr.: 5110066"}
{"product_name": "Sbrinz AOP gerieben", "brand": "fromani", "regular_price": 2.79, "selling_price": 2.79, "price_per_unit": "pro 130g | 100g = 2.15 CHF", "breadcrumb": "Sortiment > Sortiment > Sbrinz AOP gerieben", "pdp_url": "https://sortiment.lidl.ch/de/sbrinz-aop-gerieben-5110778", "product_description": "Artikelnr.: 5110778"}
{"product_name": "Chips Crinkle Cut", "brand": "snack_day", "regular_price": 2.25, "selling_price": 2.25, "price_per_unit": "pro 150g | 100g = 1.50 CHF", "breadcrumb": "Sortiment > Sortiment > Chips Crinkle Cut", "pdp_url": "https://sortiment.lidl.ch/de/chips-crinkle-cut-0181100", "product_description": "Artikelnr.: 181100"}
{"product_name": "Bio Passierte Tomaten", "brand": "baresa", "regular_price": 1.59, "selling_price": 1.59, "price_per_unit": "pro 700g | 100g = 0.23 CHF", "breadcrumb": "Sortiment > Sortiment > Bio Passierte Tomaten", "pdp_url": "https://sortiment.lidl.ch/de/bio-passierte-tomaten-0150221", "product_description": "Artikelnr.: 150221"}
{"product_name": "Salatfixe", "brand": "kania", "regular_price": 0.79, "selling_price": 0.79, "price_per_unit": "pro 40g | 100g = 1.98 CHF", "breadcrumb": "Sortiment > Sortiment > Salatfixe", "pdp_url": "https://sortiment.lidl.ch/de/salatfixe-0167382", "product_description": "Artikelnr.: 167382"}
{"product_name": "Bio Blütenhonig", "brand": "maribel", "regular_price": 3.79, "selling_price": 3.79, "price_per_unit": "pro 340g | 100g = 1.12 CHF", "breadcrumb": "Sortiment > Sortiment > Bio Blütenhonig", "pdp_url": "https://sortiment.lidl.ch/de/bio-bluetenhonig-0163247", "product_description": "Artikelnr.: 163247"}
{"product_name": "Blütenhonig", "brand": "maribel", "regular_price": 3.49, "selling_price": 3.49, "price_per_unit": "pro 500g | 100g = 0.70 CHF", "breadcrumb": "Sortiment > Sortiment > Blütenhonig", "pdp_url": "https://sortiment.lidl.ch/de/bluetenhonig-0124377", "product_description": "Artikelnr.: 124377"}
{"product_name": "Blütenhonig / Waldhonig", "brand": "marlene", "regular_price": 4.39, "selling_price": 4.39, "price_per_unit": "pro 500g | 100g = 0.88 CHF", "breadcrumb": "Sortiment > Sortiment > Blütenhonig / Waldhonig", "pdp_url": "https://sortiment.lidl.ch/de/bluetenhonig-waldhonig-0027812", "product_description": "Artikelnr.: 27812"}
{"product_name": "Fruchtaufstrich light", "brand": "maribel", "regular_price": 1.59, "selling_price": 1.59, "price_per_unit": "pro 230g | 100g = 0.70 CHF", "breadcrumb": "Sortiment > Sortiment > Fruchtaufstrich light", "pdp_url": "https://sortiment.lidl.ch/de/fruchtaufstrich-light-0149672", "product_description": "Artikelnr.: 149672"}
{"product_name": "Emmentaler AOP mild", "brand": "fromani", "regular_price": 3.85, "selling_price": 3.85, "price_per_unit": "pro 250g | 100g = 1.54 CHF", "breadcrumb": "Sortiment > Sortiment > Emmentaler AOP mild", "pdp_url": "https://sortiment.lidl.ch/de/emmentaler-aop-mild-5110798", "product_description": "Artikelnr.: 5110798"}
{"product_name": "Poulet Délice", "brand": "culinea", "regular_price": 9.79, "selling_price": 9.79, "price_per_unit": "pro 875g | 100g = 1.12 CHF", "breadcrumb": "Sortiment > Sortiment > Poulet Délice", "pdp_url": "https://sortiment.lidl.ch/de/poulet-delice-5111097", "product_description": "Artikelnr.: 5111097"}
{"product_name": "Lasagne Bolognese", "brand": "chef_select", "regular_price": 3.59, "selling_price": 3.59, "price_per_unit": "pro 600g | 100g = 0.60 CHF", "breadcrumb": "Sortiment > Sortiment > Lasagne Bolognese", "pdp_url": "https://sortiment.lidl.ch/de/lasagne-bolognese-6008041", "product_description": "Artikelnr.: 6008041"}
{"product_name": "Chips Salz / Paprika", "brand": "snack_day", "regular_price": 1.59, "selling_price": 1.59, "price_per_unit": "pro 90g | 100g = 1.77 CHF", "breadcrumb": "Sortiment > Sortiment > Chips Salz / Paprika", "pdp_url": "https://sortiment.lidl.ch/de/chips-salz-paprika-0181108", "product_description": "Artikelnr.: 181108"}
{"product_name": "Kartoffelchips", "brand": "snack_day", "regular_price": 3.99, "selling_price": 3.99, "price_per_unit": "pro 280g | 100g = 1.43 CHF", "breadcrumb": "Sortiment > Sortiment > Kartoffelchips", "pdp_url": "https://sortiment.lidl.ch/de/kartoffelchips-0181104", "product_description": "Artikelnr.: 181104"}
{"product_name": "Chicken Wings", "brand": "chef_select", "regular_price": 6.99, "selling_price": 6.99, "price_per_unit": "pro 1kg |", "breadcrumb": "Sortiment > Sortiment > Chicken Wings", "pdp_url": "https://sortiment.lidl.ch/de/chicken-wings-5106548", "product_description": "Artikelnr.: 5106548"}
{"product_name": "Apfelsaft", "brand": "solevita", "regular_price": 1.99, "selling_price": 1.99, "price_per_unit": "pro 4x0,33l | 1L = 1.51 CHF", "breadcrumb": "Sortiment > Sortiment > Apfelsaft", "pdp_url": "https://sortiment.lidl.ch/de/apfelsaft-5111229", "product_description": "Artikelnr.: 5111229"}
{"product_name": "Multivitaminsaft", "brand": "solevita", "regular_price": 3.49, "selling_price": 2.49, "price_per_unit": "pro 4x0,33l | 1L = 1.89 CHF", "breadcrumb": "Sortiment > Sortiment > Multivitaminsaft", "pdp_url": "https://sortiment.lidl.ch/de/multivitaminsaft-5111228", "product_description": "Artikelnr.: 5111228"}
{"product_name": "Orangensaft", "brand": "solevita", "regular_price": 1.95, "selling_price": 1.95, "price_per_unit": "pro 1,5l | 1L = 1.30 CHF", "breadcrumb": "Sortiment > Sortiment > Orangensaft", "pdp_url": "https://sortiment.lidl.ch/de/orangensaft-5111225", "product_description": "Artikelnr.: 5111225"}
{"product_name": "Pouletschnitzel Sandwich", "brand": "chef_select", "regular_price": 3.99, "selling_price": 3.99, "price_per_unit": "pro 235g | 100g = 1.70 CHF", "breadcrumb": "Sortiment > Sortiment > Pouletschnitzel Sandwich", "pdp_url": "https://sortiment.lidl.ch/de/pouletschnitzel-sandwich-5111329", "product_description": "Artikelnr.: 5111329"}
{"product_name": "Orangensaft", "brand": "solevita", "regular_price": 2.99, "selling_price": 2.99, "price_per_unit": "pro 4x0,33l | 1L = 2.27 CHF", "breadcrumb": "Sortiment > Sortiment > Orangensaft", "pdp_url": "https://sortiment.lidl.ch/de/orangensaft-5111227", "product_description": "Artikelnr.: 5111227"}
{"product_name": "Red Bull Energy Drink Summer Edition", "brand": "red_bull", "regular_price": 1.69, "selling_price": 1.69, "price_per_unit": "pro 0,25l | 1L = 6.76 CHF", "breadcrumb": "Sortiment > Sortiment > Red Bull Energy Drink Summer Edition", "pdp_url": "https://sortiment.lidl.ch/de/red-bull-energy-drink-summer-edition-0003554", "product_description": "Artikelnr.: 3554"}
{"product_name": "Cronut mit blauer Glasur", "brand": "", "regular_price": 0.99, "selling_price": 0.99, "price_per_unit": "pro 79g | 100g = 1.26 CHF", "breadcrumb": "Sortiment > Sortiment > Cronut mit blauer Glasur", "pdp_url": "https://sortiment.lidl.ch/de/cronut-mit-blauer-glasur-0180847", "product_description": "Artikelnr.: 180847 Siedegebäck aus Hefeteig, überzogen mit 26% blauer Fettglasur und bestreut mit 3,6% bunten Zuckerstreuseln, aufgetaut. Zutaten: Weizenmehl , pflanzliche Fette (Ölpalme, Palmkern, Kokosnuss), Zucker, Margarine [Palmöl, pflanzliche Öle (Sonnenblume, Soja, Raps), Wasser, Emulgator: Mono- und Diglyceride von Speisefettsäuren, Säuerungsmittel: Citronensäure, Farbstoff: Carotin], Wasser, Süssmolkenpulver , Laktose , Hefe, Stärke, Speisesalz, Invertzuckersirup, Weizengluten , Sonnenblumenöl, Emulgator: Lecithine, färbender Spirulinaextrakt, färbende Pflanzenextrakte (Rettich, schwarze Johannisbeeret, Apfel), Trehalose*, Reismehl, Mehlbehandlungsmittel: Ascorbinsäure, färbende Spirulina, natürliches Aroma, Farbstoff: Kurkumin. *Trehalose ist eine Glucosequelle. Kann Spuren von Ei, Erdnüsse, Soja,  Schalenfrüchte (Nüsse), Sellerie, Senf, Sesam und Sulfiten enthalten. Hergestellt in Spanien."}
{"product_name": "Mini Donuts Zimt & Zucker, 9er", "brand": "", "regular_price": 3.99, "selling_price": 3.99, "price_per_unit": "pro 162g | 100g = 2.47 CHF", "breadcrumb": "Sortiment > Sortiment > Mini Donuts Zimt & Zucker, 9er", "pdp_url": "https://sortiment.lidl.ch/de/mini-donuts-zimt-zucker-9er-0153770", "product_description": "Artikelnr.: 153770"}
{"product_name": "Bio Pinienkerne", "brand": "alesto", "regular_price": 2.99, "selling_price": 2.99, "price_per_unit": "pro 50g | 100g = 5.98 CHF", "breadcrumb": "Sortiment > Sortiment > Bio Pinienkerne", "pdp_url": "https://sortiment.lidl.ch/de/bio-pinienkerne-0127493", "product_description": "Artikelnr.: 127493"}
{"product_name": "Prussiens", "brand": "sondey", "regular_price": 2.99, "selling_price": 2.99, "price_per_unit": "pro 360g | 100g = 0.84 CHF", "breadcrumb": "Sortiment > Sortiment > Prussiens", "pdp_url": "https://sortiment.lidl.ch/de/prussiens-6015588", "product_description": "Artikelnr.: 6015588"}
{"product_name": "Neo", "brand": "sondey", "regular_price": 1.95, "selling_price": 1.95, "price_per_unit": "pro 180g | 100g = 1.09 CHF", "breadcrumb": "Sortiment > Sortiment > Neo", "pdp_url": "https://sortiment.lidl.ch/de/neo-0181707", "product_description": "Artikelnr.: 181707"}
{"product_name": "Premium Amaretti 52% Mandeln", "brand": "deluxe", "regular_price": 4.99, "selling_price": 4.99, "price_per_unit": "pro 200g | 100g = 2.50 CHF", "breadcrumb": "Sortiment > Sortiment > Premium Amaretti 52% Mandeln", "pdp_url": "https://sortiment.lidl.ch/de/premium-amaretti-52-mandeln-0181284", "product_description": "Artikelnr.: 181284"}
{"product_name": "Premium Cantucci 30% Mandeln", "brand": "deluxe", "regular_price": 4.99, "selling_price": 4.99, "price_per_unit": "pro 200g | 100g = 2.50 CHF", "breadcrumb": "Sortiment > Sortiment > Premium Cantucci 30% Mandeln", "pdp_url": "https://sortiment.lidl.ch/de/premium-cantucci-30-mandeln-0181283", "product_description": "Artikelnr.: 181283"}
{"product_name": "Family Cookie Mix", "brand": "sondey", "regular_price": 3.99, "selling_price": 3.99, "price_per_unit": "pro 255g | 100g = 1.57 CHF", "breadcrumb": "Sortiment > Sortiment > Family Cookie Mix", "pdp_url": "https://sortiment.lidl.ch/de/family-cookie-mix-0160652", "product_description": "Artikelnr.: 160652"}
{"product_name": "Udon Nudeln", "brand": "combino", "regular_price": 1.79, "selling_price": 1.79, "price_per_unit": "pro 300g | 100g = 0.60 CHF", "breadcrumb": "Sortiment > Sortiment > Udon Nudeln", "pdp_url": "https://sortiment.lidl.ch/de/udon-nudeln-0149145", "product_description": "Artikelnr.: 149145"}
{"product_name": "Pastéis de Nata", "brand": "", "regular_price": 4.99, "selling_price": 4.99, "price_per_unit": "pro 360g | 100g = 1.39 CHF", "breadcrumb": "Sortiment > Sortiment > Pastéis de Nata", "pdp_url": "https://sortiment.lidl.ch/de/pasteis-de-nata-5907602", "product_description": "Artikelnr.: 5907602"}
{"product_name": "Red Bull Energy Drink", "brand": "red_bull", "regular_price": 1.49, "selling_price": 1.49, "price_per_unit": "pro 0,25l | 1L = 5.96 CHF", "breadcrumb": "Sortiment > Sortiment > Red Bull Energy Drink", "pdp_url": "https://sortiment.lidl.ch/de/red-bull-energy-drink-0003117", "product_description": "Artikelnr.: 3117"}
{"product_name": "Bilz Panaché alkoholfrei", "brand": "", "regular_price": 14.49, "selling_price": 14.49, "price_per_unit": "pro 10x0,33l | 1L = 4.40 CHF", "breadcrumb": "Sortiment > Sortiment > Bilz Panaché alkoholfrei", "pdp_url": "https://sortiment.lidl.ch/de/bilz-panache-alkoholfrei-5109477", "product_description": "Artikelnr.: 5109477"}
{"product_name": "Antipasti", "brand": "chef_select", "regular_price": 2.39, "selling_price": 2.39, "price_per_unit": "pro 150g | 100g = 1.60 CHF", "breadcrumb": "Sortiment > Sortiment > Antipasti", "pdp_url": "https://sortiment.lidl.ch/de/antipasti-0166211", "product_description": "Artikelnr.: 166211"}
{"product_name": "Feldschlösschen Bier Alkoholfrei Zitrone", "brand": "feldschlosschen", "regular_price": 11.95, "selling_price": 11.95, "price_per_unit": "pro 6x0,5l | 1L = 3.99 CHF", "breadcrumb": "Sortiment > Sortiment > Feldschlösschen Bier Alkoholfrei Zitrone", "pdp_url": "https://sortiment.lidl.ch/de/feldschloesschen-bier-alkoholfrei-zitrone-5109473", "product_description": "Artikelnr.: 5109473"}
{"product_name": "Alu-Kaffeekapseln Viola Espresso", "brand": "bellarom", "regular_price": 3.95, "selling_price": 3.95, "price_per_unit": "pro 110g | 100g = 19.75, 3.60 CHF", "breadcrumb": "Sortiment > Sortiment > Alu-Kaffeekapseln Viola Espresso", "pdp_url": "https://sortiment.lidl.ch/de/alu-kaffeekapseln-viola-espresso-0178121", "product_description": "Artikelnr.: 178121"}
{"product_name": "Thomy Senf mild", "brand": "thomy", "regular_price": 2.95, "selling_price": 2.95, "price_per_unit": "pro 300g | 100g = 0.99 CHF", "breadcrumb": "Sortiment > Sortiment > Thomy Senf mild", "pdp_url": "https://sortiment.lidl.ch/de/thomy-senf-mild-5111297", "product_description": "Artikelnr.: 5111297"}
{"product_name": "Tiramisu / Profiteroles", "brand": "deluxe", "regular_price": 3.99, "selling_price": 3.99, "price_per_unit": "pro 450g, 500g | 100g = 0.89 CHF", "breadcrumb": "Sortiment > Sortiment > Tiramisu / Profiteroles", "pdp_url": "https://sortiment.lidl.ch/de/tiramisu-profiteroles-0142216", "product_description": "Artikelnr.: 142216"}
{"product_name": "IPS Zuckersticks", "brand": "", "regular_price": 2.89, "selling_price": 2.89, "price_per_unit": "pro 500g | 100g = 0.58 CHF", "breadcrumb": "Sortiment > Sortiment > IPS Zuckersticks", "pdp_url": "https://sortiment.lidl.ch/de/ips-zuckersticks-5111019", "product_description": "Artikelnr.: 5111019"}
{"product_name": "Creamy Yogurt", "brand": "milbona", "regular_price": 0.99, "selling_price": 0.99, "price_per_unit": "pro 150g | 100g = 0.66 CHF", "breadcrumb": "Sortiment > Sortiment > Creamy Yogurt", "pdp_url": "https://sortiment.lidl.ch/de/creamy-yogurt-0012564", "product_description": "Artikelnr.: 12564"}
{"product_name": "Broccoli/ Blumenkohl", "brand": "freshona", "regular_price": 3.39, "selling_price": 3.39, "price_per_unit": "pro 750g | 100g = 0.46 CHF", "breadcrumb": "Sortiment > Sortiment > Broccoli/ Blumenkohl", "pdp_url": "https://sortiment.lidl.ch/de/broccoli-blumenkohl-5110680", "product_description": "Artikelnr.: 5110680"}
{"product_name": "Kambly Petit Beurre Lait /Chocolait", "brand": "", "regular_price": 3.95, "selling_price": 3.95, "price_per_unit": "pro 100g, 125g | 100g = 3.95, 3.16 CHF", "breadcrumb": "Sortiment > Sortiment > Kambly Petit Beurre Lait /Chocolait", "pdp_url": "https://sortiment.lidl.ch/de/kambly-petit-beurre-lait-chocolait-5111337", "product_description": "Artikelnr.: 5111337"}
{"product_name": "Thomy Mayonnaise Senf", "brand": "thomy", "regular_price": 3.85, "selling_price": 3.85, "price_per_unit": "pro 265g | 100g = 1.46 CHF", "breadcrumb": "Sortiment > Sortiment > Thomy Mayonnaise Senf", "pdp_url": "https://sortiment.lidl.ch/de/thomy-mayonnaise-senf-5107012", "product_description": "Artikelnr.: 5107012"}
{"product_name": "Thomy Mayonnaise Thunfisch", "brand": "thomy", "regular_price": 3.85, "selling_price": 3.85, "price_per_unit": "pro 170g | 100g = 2.27 CHF", "breadcrumb": "Sortiment > Sortiment > Thomy Mayonnaise Thunfisch", "pdp_url": "https://sortiment.lidl.ch/de/thomy-mayonnaise-thunfisch-5107011", "product_description": "Artikelnr.: 5107011"}
{"product_name": "Bio Schoko Haferdrink", "brand": "vemondo", "regular_price": 1.75, "selling_price": 1.75, "price_per_unit": "pro 1000ml |", "breadcrumb": "Sortiment > Sortiment > Bio Schoko Haferdrink", "pdp_url": "https://sortiment.lidl.ch/de/bio-schoko-haferdrink-0179288", "product_description": "Artikelnr.: 179288"}
{"product_name": "Kambly Bretzeli", "brand": "", "regular_price": 3.55, "selling_price": 3.55, "price_per_unit": "pro 115g | 100g = 3.09 CHF", "breadcrumb": "Sortiment > Sortiment > Kambly Bretzeli", "pdp_url": "https://sortiment.lidl.ch/de/kambly-bretzeli-5111334", "product_description": "Artikelnr.: 5111334"}
{"product_name": "Instant Noodles", "brand": "kania", "regular_price": 0.69, "selling_price": 0.69, "price_per_unit": "pro 85g | 100g = 0.82 CHF", "breadcrumb": "Sortiment > Sortiment > Instant Noodles", "pdp_url": "https://sortiment.lidl.ch/de/instant-noodles-0171778", "product_description": "Artikelnr.: 171778"}
{"product_name": "Choco Shells / Choco Rice", "brand": "crownfield", "regular_price": 2.99, "selling_price": 2.99, "price_per_unit": "pro 500g | 100g = 0.60 CHF", "breadcrumb": "Sortiment > Sortiment > Choco Shells / Choco Rice", "pdp_url": "https://sortiment.lidl.ch/de/choco-shells-choco-rice-0187189", "product_description": "Artikelnr.: 187189"}
{"product_name": "Halbrahm 25% laktosefrei", "brand": "milbona", "regular_price": 2.49, "selling_price": 2.49, "price_per_unit": "pro 250ml | 1L = 9.96 CHF", "breadcrumb": "Sortiment > Sortiment > Halbrahm 25% laktosefrei", "pdp_url": "https://sortiment.lidl.ch/de/halbrahm-25-laktosefrei-5110750", "product_description": "Artikelnr.: 5110750"}
{"product_name": "Emmentaler AOP surchoix", "brand": "fromani", "regular_price": 4.99, "selling_price": 4.99, "price_per_unit": "pro 250g | 100g = 2.00 CHF", "breadcrumb": "Sortiment > Sortiment > Emmentaler AOP surchoix", "pdp_url": "https://sortiment.lidl.ch/de/emmentaler-aop-surchoix-5110779", "product_description": "Artikelnr.: 5110779"}
{"product_name": "High Protein Brötli mit Skyr", "brand": "", "regular_price": 0.89, "selling_price": 0.89, "price_per_unit": "pro 80g | 100g = 1.12 CHF", "breadcrumb": "Sortiment > Sortiment > High Protein Brötli mit Skyr", "pdp_url": "https://sortiment.lidl.ch/de/high-protein-broetli-mit-skyr-0176789", "product_description": "Artikelnr.: 176789 Proteinreiches Brötchen. Zutaten: Wasser, 14,5% Weizengluten , 14% Leinsamen, 9% Sojamehl , Weizenmehl , 5,5% Sonnenblumenkerne, 5,5% Frischkäse ( Magermilch , Käsereikulturen, mikrobielles Lab), 3,5% Sojaschrot , Hefe, Weizengriesskleie , Haferflocken , 1,5% Sesam , Haferfaser , Speisesalz, getrockneter Roggensauerteig ( Roggenmahlerzeugnisse , Starterkulturen), Emulgator: Lecithine*, Rapsöl, Weizenröstmalzmehl , Kurkuma, Acerolakirschpulver. *auf pflanzlicher Basis. Kann Spuren von Ei, Erdnüsse, Schalenfrüchte (Nüsse), Sellerie, Senf und Sulfiten enthalten. Nährwerte Ø/100 g: Energie: 1169 kJ/ 280 kcal, Fett: 13,0 g, davon gesättigte Fettsäuren: 1,7 g, Kohlenhydrate: 12,0 g, davon Zucker: 2,2 g, Eiweiss: 24,0 g, Salz: 0,98 g. Hergestellt in Deutschland."}
{"product_name": "Ferrero Tafelschokolade", "brand": "", "regular_price": 2.69, "selling_price": 2.69, "price_per_unit": "pro 90g | 100g = 2.99 CHF", "breadcrumb": "Sortiment > Sortiment > Ferrero Tafelschokolade", "pdp_url": "https://sortiment.lidl.ch/de/ferrero-tafelschokolade-0186237", "product_description": "Artikelnr.: 186237"}
{"product_name": "Wander Ovomaltine Crunchy Cream", "brand": "", "regular_price": 4.89, "selling_price": 4.89, "price_per_unit": "pro 400g | 100g = 1.23 CHF", "breadcrumb": "Sortiment > Sortiment > Wander Ovomaltine Crunchy Cream", "pdp_url": "https://sortiment.lidl.ch/de/wander-ovomaltine-crunchy-cream-5111291", "product_description": "Artikelnr.: 5111291"}
{"product_name": "Orecchiette / Trofie", "brand": "italiamo", "regular_price": 1.79, "selling_price": 1.79, "price_per_unit": "pro 500g | 100g = 0.36 CHF", "breadcrumb": "Sortiment > Sortiment > Orecchiette / Trofie", "pdp_url": "https://sortiment.lidl.ch/de/orecchiette-trofie-6001877", "product_description": "Artikelnr.: 6001877"}
{"product_name": "Wander Ovomaltine Crisp Müesli", "brand": "", "regular_price": 6.59, "selling_price": 6.59, "price_per_unit": "pro 500g | 100g = 1.32 CHF", "breadcrumb": "Sortiment > Sortiment > Wander Ovomaltine Crisp Müesli", "pdp_url": "https://sortiment.lidl.ch/de/wander-ovomaltine-crisp-mueesli-5111290", "product_description": "Artikelnr.: 5111290"}
{"product_name": "Wander Ovomaltine Original", "brand": "", "regular_price": 12.89, "selling_price": 12.89, "price_per_unit": "pro 750g | 100g = 1.72 CHF", "breadcrumb": "Sortiment > Sortiment > Wander Ovomaltine Original", "pdp_url": "https://sortiment.lidl.ch/de/wander-ovomaltine-original-5111288", "product_description": "Artikelnr.: 5111288"}
{"product_name": "Kaffeebohnen Rosso", "brand": "bellarom", "regular_price": 6.95, "selling_price": 6.95, "price_per_unit": "pro 1000g |", "breadcrumb": "Sortiment > Sortiment > Kaffeebohnen Rosso", "pdp_url": "https://sortiment.lidl.ch/de/kaffeebohnen-rosso-0175043", "product_description": "Artikelnr.: 175043"}
{"product_name": "High Protein Käsescheiben", "brand": "fromani", "regular_price": 2.89, "selling_price": 2.89, "price_per_unit": "pro 180g | 100g = 1.61 CHF", "breadcrumb": "Sortiment > Sortiment > High Protein Käsescheiben", "pdp_url": "https://sortiment.lidl.ch/de/high-protein-kaesescheiben-5110822", "product_description": "Artikelnr.: 5110822"}
{"product_name": "Coca Cola Vanille", "brand": "coca_cola", "regular_price": 1.05, "selling_price": 1.05, "price_per_unit": "pro 0,25l | 1L = 4.20 CHF", "breadcrumb": "Sortiment > Sortiment > Coca Cola Vanille", "pdp_url": "https://sortiment.lidl.ch/de/coca-cola-vanille-0008830", "product_description": "Artikelnr.: 8830"}
{"product_name": "Evian Mineralwasser", "brand": "", "regular_price": 1.15, "selling_price": 1.15, "price_per_unit": "pro 0,75l | 1L = 1.54 CHF", "breadcrumb": "Sortiment > Sortiment > Evian Mineralwasser", "pdp_url": "https://sortiment.lidl.ch/de/evian-mineralwasser-0008850", "product_description": "Artikelnr.: 8850"}
{"product_name": "Pinotage", "brand": "cimarosa", "regular_price": 5.99, "selling_price": 5.99, "price_per_unit": "pro 0,75l | 1L = 7.99 CHF", "breadcrumb": "Sortiment > Sortiment > Pinotage", "pdp_url": "https://sortiment.lidl.ch/de/pinotage-0034515", "product_description": "Artikelnr.: 34515"}
{"product_name": "Bio Pouletbrust", "brand": "carnesi", "regular_price": 2.79, "selling_price": 2.79, "price_per_unit": "pro 100g, ca. 350g |", "breadcrumb": "Sortiment > Sortiment > Bio Pouletbrust", "pdp_url": "https://sortiment.lidl.ch/de/bio-pouletbrust-5004860", "product_description": "Artikelnr.: 5004860"}
{"product_name": "Gefrierbeutel mit Zippverschluss", "brand": "aromata", "regular_price": 1.19, "selling_price": 1.19, "price_per_unit": "pro 15 Stück, 20 Stück | 1 Stk = 0.08, 0.06 CHF", "breadcrumb": "Sortiment > Sortiment > Gefrierbeutel mit Zippverschluss", "pdp_url": "https://sortiment.lidl.ch/de/gefrierbeutel-mit-zippverschluss-0182375", "product_description": "Artikelnr.: 182375"}
{"product_name": "Vorzugsbutter", "brand": "milbona", "regular_price": 3.45, "selling_price": 3.45, "price_per_unit": "pro 200g | 100g = 1.73 CHF", "breadcrumb": "Sortiment > Sortiment > Vorzugsbutter", "pdp_url": "https://sortiment.lidl.ch/de/vorzugsbutter-5110749", "product_description": "Artikelnr.: 5110749"}
{"product_name": "Urnäscher Bergdiamant", "brand": "deluxe", "regular_price": 4.99, "selling_price": 4.99, "price_per_unit": "pro 200g | 100g = 2.50 CHF", "breadcrumb": "Sortiment > Sortiment > Urnäscher Bergdiamant", "pdp_url": "https://sortiment.lidl.ch/de/urnaescher-bergdiamant-5110659", "product_description": "Artikelnr.: 5110659"}
{"product_name": "Roter Teufel extra", "brand": "deluxe", "regular_price": 4.99, "selling_price": 4.99, "price_per_unit": "pro 200g | 100g = 2.50 CHF", "breadcrumb": "Sortiment > Sortiment > Roter Teufel extra", "pdp_url": "https://sortiment.lidl.ch/de/roter-teufel-extra-5110420", "product_description": "Artikelnr.: 5110420"}
{"product_name": "Trutencotto", "brand": "maestade", "regular_price": 2.59, "selling_price": 2.59, "price_per_unit": "pro 200g | 100g = 1.30 CHF", "breadcrumb": "Sortiment > Sortiment > Trutencotto", "pdp_url": "https://sortiment.lidl.ch/de/trutencotto-5111088", "product_description": "Artikelnr.: 5111088"}
{"product_name": "TINmatic Geschirrspülmaschinen-Pulver", "brand": "", "regular_price": 3.45, "selling_price": 3.45, "price_per_unit": "pro 1,5kg | 1Kg = 2.30 CHF", "breadcrumb": "Sortiment > Sortiment > TINmatic Geschirrspülmaschinen-Pulver", "pdp_url": "https://sortiment.lidl.ch/de/tinmatic-geschirrspuelmaschinen-pulver-5111091", "product_description": "Artikelnr.: 5111091"}
{"product_name": "Crunchy Müesli", "brand": "crownfield", "regular_price": 2.49, "selling_price": 2.49, "price_per_unit": "pro 750g | 100g = 0.34 CHF", "breadcrumb": "Sortiment > Sortiment > Crunchy Müesli", "pdp_url": "https://sortiment.lidl.ch/de/crunchy-mueesli-0184830", "product_description": "Artikelnr.: 184830"}
{"product_name": "Trutenbrust Ministeaks", "brand": "carnesi", "regular_price": 7.49, "selling_price": 7.49, "price_per_unit": "pro 400g | 100g = 1.88 CHF", "breadcrumb": "Sortiment > Sortiment > Trutenbrust Ministeaks", "pdp_url": "https://sortiment.lidl.ch/de/trutenbrust-ministeaks-0184354", "product_description": "Artikelnr.: 184354"}
{"product_name": "Trutenbrust Schnitzel", "brand": "carnesi", "regular_price": 8.99, "selling_price": 8.99, "price_per_unit": "pro 500g | 100g = 1.80 CHF", "breadcrumb": "Sortiment > Sortiment > Trutenbrust Schnitzel", "pdp_url": "https://sortiment.lidl.ch/de/trutenbrust-schnitzel-0184352", "product_description": "Artikelnr.: 184352"}
{"product_name": "XXL Sandwich", "brand": "chef_select", "regular_price": 4.99, "selling_price": 4.99, "price_per_unit": "pro 245g, 260g | 100g = 2.04, 1.92 CHF", "breadcrumb": "Sortiment > Sortiment > XXL Sandwich", "pdp_url": "https://sortiment.lidl.ch/de/xxl-sandwich-5103520", "product_description": "Artikelnr.: 5103520"}
{"product_name": "Minispray", "brand": "w5", "regular_price": 2.99, "selling_price": 2.99, "price_per_unit": "pro 1x24ml, 3x24ml | 100ML = 12.46, 4.16 CHF", "breadcrumb": "Sortiment > Sortiment > Minispray", "pdp_url": "https://sortiment.lidl.ch/de/minispray-0164705", "product_description": "Artikelnr.: 164705"}
{"product_name": "Schweinsplätzli vom Bäggli", "brand": "", "regular_price": 9.99, "selling_price": 9.99, "price_per_unit": "pro 400g | 100g = 2.50 CHF", "breadcrumb": "Sortiment > Sortiment > Schweinsplätzli vom Bäggli", "pdp_url": "https://sortiment.lidl.ch/de/schweinsplaetzli-vom-baeggli-5110552", "product_description": "Artikelnr.: 5110552"}
{"product_name": "White Box", "brand": "goldfield", "regular_price": 5.65, "selling_price": 5.65, "price_per_unit": "pro 20 Stück | 1 Stk = 0.29 CHF", "breadcrumb": "Sortiment > Sortiment > White Box", "pdp_url": "https://sortiment.lidl.ch/de/white-box-0186017", "product_description": "Artikelnr.: 186017"}
{"product_name": "Silver Box", "brand": "goldfield", "regular_price": 5.65, "selling_price": 5.65, "price_per_unit": "pro Stück | 1 Stk = 0.29 CHF", "breadcrumb": "Sortiment > Sortiment > Silver Box", "pdp_url": "https://sortiment.lidl.ch/de/silver-box-0186016", "product_description": "Artikelnr.: 186016"}
{"product_name": "Gold Box", "brand": "goldfield", "regular_price": 5.65, "selling_price": 5.65, "price_per_unit": "pro Stück | 1 Stk = 0.29 CHF", "breadcrumb": "Sortiment > Sortiment > Gold Box", "pdp_url": "https://sortiment.lidl.ch/de/gold-box-0186015", "product_description": "Artikelnr.: 186015"}
{"product_name": "Red Box", "brand": "goldfield", "regular_price": 5.65, "selling_price": 5.65, "price_per_unit": "pro 20 Stück | 1 Stk = 0.29 CHF", "breadcrumb": "Sortiment > Sortiment > Red Box", "pdp_url": "https://sortiment.lidl.ch/de/red-box-0186014", "product_description": "Artikelnr.: 186014"}
{"product_name": "MSC/ASC Crevetten", "brand": "", "regular_price": 2.95, "selling_price": 1.95, "price_per_unit": "pro 100g, 110g, 120g | 100g = 1.95, 1.78, 1.63 CHF", "breadcrumb": "Sortiment > Sortiment > MSC/ASC Crevetten", "pdp_url": "https://sortiment.lidl.ch/de/msc-asc-crevetten-0184630", "product_description": "Artikelnr.: 184630"}
{"product_name": "Chenin Blanc Paarl", "brand": "deluxe", "regular_price": 3.99, "selling_price": 3.99, "price_per_unit": "pro 0,75l | 1L = 5.32 CHF", "breadcrumb": "Sortiment > Sortiment > Chenin Blanc Paarl", "pdp_url": "https://sortiment.lidl.ch/de/chenin-blanc-paarl-0133796", "product_description": "Artikelnr.: 133796"}
{"product_name": "Kaffeebohnen Espresso Extra", "brand": "bellarom", "regular_price": 11.99, "selling_price": 11.99, "price_per_unit": "pro 1000g |", "breadcrumb": "Sortiment > Sortiment > Kaffeebohnen Espresso Extra", "pdp_url": "https://sortiment.lidl.ch/de/kaffeebohnen-espresso-extra-0175045", "product_description": "Artikelnr.: 175045"}
{"product_name": "Grandioso Dessert", "brand": "milbona", "regular_price": 0.99, "selling_price": 0.99, "price_per_unit": "pro 190g | 100g = 0.53 CHF", "breadcrumb": "Sortiment > Sortiment > Grandioso Dessert", "pdp_url": "https://sortiment.lidl.ch/de/grandioso-dessert-0128690", "product_description": "Artikelnr.: 128690"}
{"product_name": "Zebra Donut", "brand": "", "regular_price": 0.99, "selling_price": 0.99, "price_per_unit": "pro 75g | 100g = 1.32 CHF", "breadcrumb": "Sortiment > Sortiment > Zebra Donut", "pdp_url": "https://sortiment.lidl.ch/de/zebra-donut-0159266", "product_description": "Artikelnr.: 159266 Siedegebäck aus Hefeteig, überzogen mit weisser und kakaohaltiger Fettglasur, aufgetaut. Teig – Zutaten: Weizenmehl, Wasser, Palmfett, pflanzliches Öl (Sonnenblume und/oder Rapsöl), Dextrose, Hefe, Sojamehl , Süssmolkenpulver , Backtriebmittel: Diphosphate, Natriumbicarbonate, Speisesalz, Emulgatoren: Mono- und Diglyceride von Speisefettsäuren, Natriumstearoyl-2-Lactylat, Magermilchpulver , Farbstoff: Carotine, Aroma. 41% Überzug – Zutaten: Zucker, pflanzliches Fett (Kokosnuss, Palmkern), Süssmolkenpulver , Laktose , Maisstärke, Stabilisator: Sorbitantristearat, Emulgator: Sonnenblumen-Lecithine, 0,3% fettarmes Kakaopulver, Milchpulver , Aromen. Kann Spuren von Ei, Erdnüsse, Schalenfrüchte (Nüsse), Sellerie, Senf, Sesam und Sulfiten enthalten. Hergestellt in Spanien."}
{"product_name": "Universalreiniger", "brand": "w5", "regular_price": 2.49, "selling_price": 2.49, "price_per_unit": "pro 750ml | 1L = 3.32 CHF", "breadcrumb": "Sortiment > Sortiment > Universalreiniger", "pdp_url": "https://sortiment.lidl.ch/de/universalreiniger-0062791", "product_description": "Artikelnr.: 62791"}
{"product_name": "Handcreme", "brand": "cien", "regular_price": 0.79, "selling_price": 0.79, "price_per_unit": "pro 100ml |", "breadcrumb": "Sortiment > Sortiment > Handcreme", "pdp_url": "https://sortiment.lidl.ch/de/handcreme-0168553", "product_description": "Artikelnr.: 168553"}
{"product_name": "Vivil Bonbons ohne Zucker", "brand": "vivil", "regular_price": 1.99, "selling_price": 1.99, "price_per_unit": "pro 120g | 100g = 1.66 CHF", "breadcrumb": "Sortiment > Sortiment > Vivil Bonbons ohne Zucker", "pdp_url": "https://sortiment.lidl.ch/de/vivil-bonbons-ohne-zucker-7713799", "product_description": "Artikelnr.: 7713799"}
{"product_name": "Nature Shampoo", "brand": "", "regular_price": 2.39, "selling_price": 2.39, "price_per_unit": "pro 200ml | 100ML = 1.20 CHF", "breadcrumb": "Sortiment > Sortiment > Nature Shampoo", "pdp_url": "https://sortiment.lidl.ch/de/nature-shampoo-0158151", "product_description": "Artikelnr.: 158151"}
{"product_name": "Schoko-Donut", "brand": "", "regular_price": 0.79, "selling_price": 0.79, "price_per_unit": "pro 56g | 100g = 1.42 CHF", "breadcrumb": "Sortiment > Sortiment > Schoko-Donut", "pdp_url": "https://sortiment.lidl.ch/de/schoko-donut-0182155", "product_description": "Artikelnr.: 182155 Siedegebäck aus Hefeteig, überzogen mit 13% Milchschokoladenkuvertüre und 5% Schokoladenflocken, aufgetaut. Zutaten: Weizenmehl, Palmfett, Zucker, Wasser, Rapsöl, Vollmilchpulver, Kakaomasse, Kakaobutter, Speisesalz, Hefe, getrockneter Glukosesirup, Weizenstärke , Weizengluten,  Butterreinfett, Emulgatoren: Mono-und Diglyceride von Speisefettsäuren, Natriumstearoyl-2-lactylat, Lecithine ( Soja ), Backtriebmittel: Diphosphate, Natriumcarbonate, natürliches Vanillearoma, Mehlbehandlungsmittel: Ascorbinsäure. Kann Spuren von Ei, Erdnüsse, Schalenfrüchte (Nüsse), Sellerie, Senf, Sesam und Sulfiten enthalten. Hergestellt in Deutschland."}
{"product_name": "Poulet Cervelas", "brand": "maestade", "regular_price": 1.75, "selling_price": 1.75, "price_per_unit": "pro 2x100g | 100g = 0.88 CHF", "breadcrumb": "Sortiment > Sortiment > Poulet Cervelas", "pdp_url": "https://sortiment.lidl.ch/de/poulet-cervelas-0001379", "product_description": "Artikelnr.: 1379"}
{"product_name": "Steinofen-Pizza Tonno", "brand": "trattoria_alfredo", "regular_price": 4.55, "selling_price": 4.55, "price_per_unit": "pro 2x355g | 100g = 0.65 CHF", "breadcrumb": "Sortiment > Sortiment > Steinofen-Pizza Tonno", "pdp_url": "https://sortiment.lidl.ch/de/steinofen-pizza-tonno-0179490", "product_description": "Artikelnr.: 179490"}
{"product_name": "Bio Tête de Moine AOP Rosetten", "brand": "fromani", "regular_price": 4.99, "selling_price": 4.99, "price_per_unit": "pro 100g |", "breadcrumb": "Sortiment > Sortiment > Bio Tête de Moine AOP Rosetten", "pdp_url": "https://sortiment.lidl.ch/de/bio-tete-de-moine-aop-rosetten-5110806", "product_description": "Artikelnr.: 5110806"}
{"product_name": "Bio Schweizer Mozzarella Stange", "brand": "milbona", "regular_price": 3.99, "selling_price": 3.99, "price_per_unit": "pro 300g | 100g = 1.33 CHF", "breadcrumb": "Sortiment > Sortiment > Bio Schweizer Mozzarella Stange", "pdp_url": "https://sortiment.lidl.ch/de/bio-schweizer-mozzarella-stange-5110827", "product_description": "Artikelnr.: 5110827"}
{"product_name": "Le Petit Hugo", "brand": "fromani", "regular_price": 1.99, "selling_price": 1.99, "price_per_unit": "pro 100g, ca. 175g |", "breadcrumb": "Sortiment > Sortiment > Le Petit Hugo", "pdp_url": "https://sortiment.lidl.ch/de/le-petit-hugo-5110819", "product_description": "Artikelnr.: 5110819"}
{"product_name": "Bio Naturjoghurt griechischer Art", "brand": "milbona", "regular_price": 1.99, "selling_price": 1.99, "price_per_unit": "pro 400g | 100g = 0.50 CHF", "breadcrumb": "Sortiment > Sortiment > Bio Naturjoghurt griechischer Art", "pdp_url": "https://sortiment.lidl.ch/de/bio-naturjoghurt-griechischer-art-5110751", "product_description": "Artikelnr.: 5110751"}
{"product_name": "Pouletbrust Whiskey Marinade", "brand": "bonvalle", "regular_price": 7.99, "selling_price": 7.99, "price_per_unit": "pro 300g | 100g = 2.67 CHF", "breadcrumb": "Sortiment > Sortiment > Pouletbrust Whiskey Marinade", "pdp_url": "https://sortiment.lidl.ch/de/pouletbrust-whiskey-marinade-5105670", "product_description": "Artikelnr.: 5105670"}
{"product_name": "Sushi Wraps", "brand": "select_go", "regular_price": 5.99, "selling_price": 5.99, "price_per_unit": "pro 210g | 100g = 2.86 CHF", "breadcrumb": "Sortiment > Sortiment > Sushi Wraps", "pdp_url": "https://sortiment.lidl.ch/de/sushi-wraps-0180691", "product_description": "Artikelnr.: 180691"}
{"product_name": "Parboiled Reis Langkorn", "brand": "golden_sun", "regular_price": 1.35, "selling_price": 1.35, "price_per_unit": "pro 1kg |", "breadcrumb": "Sortiment > Sortiment > Parboiled Reis Langkorn", "pdp_url": "https://sortiment.lidl.ch/de/parboiled-reis-langkorn-0138125", "product_description": "Artikelnr.: 138125"}
{"product_name": "W5 Geschirrspülmittel", "brand": "w5", "regular_price": 1.89, "selling_price": 1.89, "price_per_unit": "pro 2l | 1L = 0.95 CHF", "breadcrumb": "Sortiment > Sortiment > W5 Geschirrspülmittel", "pdp_url": "https://sortiment.lidl.ch/de/w5-geschirrspuelmittel-0156211", "product_description": "Artikelnr.: 156211"}
{"product_name": "Baby Lotion", "brand": "lupilu", "regular_price": 3.79, "selling_price": 3.79, "price_per_unit": "pro 500ml | 100ML = 0.76 CHF", "breadcrumb": "Sortiment > Sortiment > Baby Lotion", "pdp_url": "https://sortiment.lidl.ch/de/baby-lotion-0135360", "product_description": "Artikelnr.: 135360"}
{"product_name": "Baby Pflegeöl", "brand": "lupilu", "regular_price": 2.79, "selling_price": 2.79, "price_per_unit": "pro 300ml | 100ML = 0.93 CHF", "breadcrumb": "Sortiment > Sortiment > Baby Pflegeöl", "pdp_url": "https://sortiment.lidl.ch/de/baby-pflegeoel-0135051", "product_description": "Artikelnr.: 135051"}
{"product_name": "Cellular & Straffung Gesichtscreme", "brand": "cien", "regular_price": 4.99, "selling_price": 4.99, "price_per_unit": "pro 50ml | 100ML = 9.98 CHF", "breadcrumb": "Sortiment > Sortiment > Cellular & Straffung Gesichtscreme", "pdp_url": "https://sortiment.lidl.ch/de/cellular-straffung-gesichtscreme-0172788", "product_description": "Artikelnr.: 172788"}
{"product_name": "Celllular Augenkonturcreme", "brand": "cien", "regular_price": 4.99, "selling_price": 4.99, "price_per_unit": "pro 15ml | 100ML = 33.27 CHF", "breadcrumb": "Sortiment > Sortiment > Celllular Augenkonturcreme", "pdp_url": "https://sortiment.lidl.ch/de/celllular-augenkonturcreme-0167620", "product_description": "Artikelnr.: 167620"}
{"product_name": "Nature Duschgel", "brand": "", "regular_price": 1.95, "selling_price": 1.95, "price_per_unit": "pro 250ml | 100ML = 0.78 CHF", "breadcrumb": "Sortiment > Sortiment > Nature Duschgel", "pdp_url": "https://sortiment.lidl.ch/de/nature-duschgel-0158147", "product_description": "Artikelnr.: 158147"}
{"product_name": "Conditioner", "brand": "", "regular_price": 2.39, "selling_price": 2.39, "price_per_unit": "pro 200ml | 100ML = 1.20 CHF", "breadcrumb": "Sortiment > Sortiment > Conditioner", "pdp_url": "https://sortiment.lidl.ch/de/conditioner-0158153", "product_description": "Artikelnr.: 158153"}
{"product_name": "Premium Hundenassnahrung", "brand": "", "regular_price": 0.75, "selling_price": 0.75, "price_per_unit": "pro 150g | 100g = 0.50 CHF", "breadcrumb": "Sortiment > Sortiment > Premium Hundenassnahrung", "pdp_url": "https://sortiment.lidl.ch/de/premium-hundenassnahrung-0126679", "product_description": "Artikelnr.: 126679"}
{"product_name": "Vendo Pufuleti mit Geschmack", "brand": "", "regular_price": 1.69, "selling_price": 1.69, "price_per_unit": "pro 85g | 100g = 1.99 CHF", "breadcrumb": "Sortiment > Sortiment > Vendo Pufuleti mit Geschmack", "pdp_url": "https://sortiment.lidl.ch/de/vendo-pufuleti-mit-geschmack-5005754", "product_description": "Artikelnr.: 5005754"}
{"product_name": "Polenta fein", "brand": "belbake", "regular_price": 0.89, "selling_price": 0.89, "price_per_unit": "pro 500g | 100g = 0.18 CHF", "breadcrumb": "Sortiment > Sortiment > Polenta fein", "pdp_url": "https://sortiment.lidl.ch/de/polenta-fein-6000120", "product_description": "Artikelnr.: 6000120"}
{"product_name": "Grüntee", "brand": "lord_nelson", "regular_price": 0.95, "selling_price": 0.95, "price_per_unit": "pro 50x1,7g | 100g = 1.12 CHF", "breadcrumb": "Sortiment > Sortiment > Grüntee", "pdp_url": "https://sortiment.lidl.ch/de/gruentee-0174803", "product_description": "Artikelnr.: 174803"}
{"product_name": "Bio Kaffeekapseln Lungo Leggero", "brand": "bellarom", "regular_price": 5.99, "selling_price": 5.99, "price_per_unit": "pro 24 Stück | 100g = 24.96, 4.16 CHF", "breadcrumb": "Sortiment > Sortiment > Bio Kaffeekapseln Lungo Leggero", "pdp_url": "https://sortiment.lidl.ch/de/bio-kaffeekapseln-lungo-leggero-5109984", "product_description": "Artikelnr.: 5109984"}
{"product_name": "Ruchbrot", "brand": "", "regular_price": 1.39, "selling_price": 1.39, "price_per_unit": "pro 500g | 100g = 0.28 CHF", "breadcrumb": "Sortiment > Sortiment > Ruchbrot", "pdp_url": "https://sortiment.lidl.ch/de/ruchbrot-5110467", "product_description": "Artikelnr.: 5110467 Weizenbrot. Zutaten: 59% Ruchmehl ( Weizenmehl , Weizenkleber , Gerstenmalzmehl ), Wasser, Speisesalz, Backhefe, Weizenprotein , Malz ( Gerste, Weizen ), Acerolafruchtpulver (auf Trägerstoff Maltodextrin), Zucker, Mehlbehandlungsmittel: Ascorbinsäure, Konservierungsstoff: Calciumacetat. Kann Spuren von Ei, Erdnüsse, Soja, Milch, Schalenfrüchte (Nüsse), Sellerie, Senf, Sesam und Sulfiten enthalten. Hergestellt in der Schweiz."}
{"product_name": "Pizzateig", "brand": "chef_select_you", "regular_price": 1.99, "selling_price": 1.99, "price_per_unit": "pro 400g, 550g | 100g = 0.50, 0.37 CHF", "breadcrumb": "Sortiment > Sortiment > Pizzateig", "pdp_url": "https://sortiment.lidl.ch/de/pizzateig-0151178", "product_description": "Artikelnr.: 151178"}
{"product_name": "Dinkelkuchenteig", "brand": "chef_select_you", "regular_price": 1.49, "selling_price": 1.49, "price_per_unit": "pro 250g | 100g = 0.60 CHF", "breadcrumb": "Sortiment > Sortiment > Dinkelkuchenteig", "pdp_url": "https://sortiment.lidl.ch/de/dinkelkuchenteig-0151165", "product_description": "Artikelnr.: 151165"}
{"product_name": "Nestlé BEBA Optipro PRE/1 Anfangsmilchen", "brand": "nestle", "regular_price": 26.95, "selling_price": 26.95, "price_per_unit": "pro 800g | 100g = 3.37 CHF", "breadcrumb": "Sortiment > Sortiment > Nestlé BEBA Optipro PRE/1 Anfangsmilchen", "pdp_url": "https://sortiment.lidl.ch/de/nestle-beba-optipro-pre-1-anfangsmilchen-5110867", "product_description": "Artikelnr.: 5110867"}
{"product_name": "Nestlé BEBA Optipro 2 / 3 Folgemilchen", "brand": "nestle", "regular_price": 26.95, "selling_price": 26.95, "price_per_unit": "pro 800g | 100g = 3.37 CHF", "breadcrumb": "Sortiment > Sortiment > Nestlé BEBA Optipro 2 / 3 Folgemilchen", "pdp_url": "https://sortiment.lidl.ch/de/nestle-beba-optipro-2-3-folgemilchen-5110871", "product_description": "Artikelnr.: 5110871"}
{"product_name": "Buurebrot", "brand": "", "regular_price": 2.59, "selling_price": 2.59, "price_per_unit": "pro 430g | 100g = 0.61 CHF", "breadcrumb": "Sortiment > Sortiment > Buurebrot", "pdp_url": "https://sortiment.lidl.ch/de/buurebrot-5110468", "product_description": "Artikelnr.: 5110468 Weizenmischbrot mit Roggenmehl.  Zutaten: 51% Weizenmehl , Wasser, 14% Roggenmehl, Speisesalz jodiert, Backhefe, Rapsöl, Milchserumpulver , Weizengluten , Buttermilchpulver , Traubenzucker, Verdickungsmittel: Guarkernmehl, Emulgator: Diacetylweinsäureester von Mono- und Diglyceriden von Speisefettsäuren, Gerstenmalzmehl , Mehlbehandlungsmittel: Ascorbinsäure, Enzyme. Kann Spuren von Eiern, Erdnüssen, Soja, Schalenfrüchte (Nüsse), Sellerie, Senf, Sesam und Sulfiten enthalten. Hergestellt in  der Schweiz."}
{"product_name": "Bio Hüttenkäse laktosefrei", "brand": "milbona", "regular_price": 1.99, "selling_price": 1.99, "price_per_unit": "pro 200g | 100g = 1.00 CHF", "breadcrumb": "Sortiment > Sortiment > Bio Hüttenkäse laktosefrei", "pdp_url": "https://sortiment.lidl.ch/de/bio-huettenkaese-laktosefrei-5110787", "product_description": "Artikelnr.: 5110787"}
{"product_name": "Schalotten 500g", "brand": "", "regular_price": 1.65, "selling_price": 1.65, "price_per_unit": "pro 500g | 1Kg = 3.30 CHF", "breadcrumb": "Sortiment > Sortiment > Schalotten 500g", "pdp_url": "https://sortiment.lidl.ch/de/schalotten-500g-0083377", "product_description": "Artikelnr.: 83377"}
{"product_name": "Rahmquark", "brand": "milbona", "regular_price": 1.49, "selling_price": 1.49, "price_per_unit": "pro 250g | 100g = 0.60 CHF", "breadcrumb": "Sortiment > Sortiment > Rahmquark", "pdp_url": "https://sortiment.lidl.ch/de/rahmquark-5101509", "product_description": "Artikelnr.: 5101509"}
{"product_name": "Bio Schweizer Reibkäse", "brand": "fromani", "regular_price": 4.49, "selling_price": 4.49, "price_per_unit": "pro 250g | 100g = 1.80 CHF", "breadcrumb": "Sortiment > Sortiment > Bio Schweizer Reibkäse", "pdp_url": "https://sortiment.lidl.ch/de/bio-schweizer-reibkaese-5110800", "product_description": "Artikelnr.: 5110800"}
{"product_name": "Bio Tomme de Romandie", "brand": "", "regular_price": 3.39, "selling_price": 3.39, "price_per_unit": "pro 150g | 100g = 2.26 CHF", "breadcrumb": "Sortiment > Sortiment > Bio Tomme de Romandie", "pdp_url": "https://sortiment.lidl.ch/de/bio-tomme-de-romandie-5110776", "product_description": "Artikelnr.: 5110776"}
{"product_name": "Schweizer grüne Bohnen", "brand": "freshona", "regular_price": 3.85, "selling_price": 3.85, "price_per_unit": "pro 1000g |", "breadcrumb": "Sortiment > Sortiment > Schweizer grüne Bohnen", "pdp_url": "https://sortiment.lidl.ch/de/schweizer-gruene-bohnen-5110677", "product_description": "Artikelnr.: 5110677"}
{"product_name": "Vollmilch schokolade", "brand": "fin_carre", "regular_price": 1.75, "selling_price": 1.75, "price_per_unit": "pro 300g | 100g = 0.59 CHF", "breadcrumb": "Sortiment > Sortiment > Vollmilch schokolade", "pdp_url": "https://sortiment.lidl.ch/de/vollmilch-schokolade-0126584", "product_description": "Artikelnr.: 126584"}
{"product_name": "Edelschokolade 90%", "brand": "j.d._gross", "regular_price": 2.39, "selling_price": 2.39, "price_per_unit": "pro 125g | 100g = 1.92 CHF", "breadcrumb": "Sortiment > Sortiment > Edelschokolade 90%", "pdp_url": "https://sortiment.lidl.ch/de/edelschokolade-90-0165471", "product_description": "Artikelnr.: 165471"}
{"product_name": "Zinfandel", "brand": "cimarosa", "regular_price": 6.99, "selling_price": 6.99, "price_per_unit": "pro 0,75l | 1L = 9.32 CHF", "breadcrumb": "Sortiment > Sortiment > Zinfandel", "pdp_url": "https://sortiment.lidl.ch/de/zinfandel-0130935", "product_description": "Artikelnr.: 130935"}
{"product_name": "Bio Dinkel Fusilli / Penne", "brand": "combino", "regular_price": 1.79, "selling_price": 1.79, "price_per_unit": "pro 500g | 100g = 0.36 CHF", "breadcrumb": "Sortiment > Sortiment > Bio Dinkel Fusilli / Penne", "pdp_url": "https://sortiment.lidl.ch/de/bio-dinkel-fusilli-penne-0162401", "product_description": "Artikelnr.: 162401"}
{"product_name": "Schweizer Kaisergemüse", "brand": "freshona", "regular_price": 4.59, "selling_price": 4.59, "price_per_unit": "pro 1000g |", "breadcrumb": "Sortiment > Sortiment > Schweizer Kaisergemüse", "pdp_url": "https://sortiment.lidl.ch/de/schweizer-kaisergemuese-5110682", "product_description": "Artikelnr.: 5110682"}
{"product_name": "Kandierter Ingwer", "brand": "alesto", "regular_price": 2.99, "selling_price": 2.99, "price_per_unit": "pro 200g | 100g = 1.50 CHF", "breadcrumb": "Sortiment > Sortiment > Kandierter Ingwer", "pdp_url": "https://sortiment.lidl.ch/de/kandierter-ingwer-0162572", "product_description": "Artikelnr.: 162572"}
{"product_name": "Linsenchips", "brand": "snack_day", "regular_price": 1.59, "selling_price": 1.59, "price_per_unit": "pro 90g | 100g = 1.77 CHF", "breadcrumb": "Sortiment > Sortiment > Linsenchips", "pdp_url": "https://sortiment.lidl.ch/de/linsenchips-0165582", "product_description": "Artikelnr.: 165582"}
{"product_name": "Lotus Biscoff Caramelbiscuit", "brand": "", "regular_price": 3.95, "selling_price": 3.95, "price_per_unit": "pro 3x125g | 100g = 1.06 CHF", "breadcrumb": "Sortiment > Sortiment > Lotus Biscoff Caramelbiscuit", "pdp_url": "https://sortiment.lidl.ch/de/lotus-biscoff-caramelbiscuit-5110939", "product_description": "Artikelnr.: 5110939"}
{"product_name": "Johnny Walker Red Label", "brand": "", "regular_price": 19.89, "selling_price": 19.89, "price_per_unit": "pro 0,7l | 1L = 28.42 CHF", "breadcrumb": "Sortiment > Sortiment > Johnny Walker Red Label", "pdp_url": "https://sortiment.lidl.ch/de/johnny-walker-red-label-5111010", "product_description": "Artikelnr.: 5111010"}
{"product_name": "Bio Dinkelmehl", "brand": "belbake", "regular_price": 2.99, "selling_price": 2.99, "price_per_unit": "pro 1kg |", "breadcrumb": "Sortiment > Sortiment > Bio Dinkelmehl", "pdp_url": "https://sortiment.lidl.ch/de/bio-dinkelmehl-0124364", "product_description": "Artikelnr.: 124364"}
{"product_name": "Emmi Luzerner Rahmkäse", "brand": "emmi", "regular_price": 6.95, "selling_price": 6.95, "price_per_unit": "pro 250g | 100g = 2.78 CHF", "breadcrumb": "Sortiment > Sortiment > Emmi Luzerner Rahmkäse", "pdp_url": "https://sortiment.lidl.ch/de/emmi-luzerner-rahmkaese-5110774", "product_description": "Artikelnr.: 5110774"}
{"product_name": "Purina One Katzentrockenfutter", "brand": "purina_one", "regular_price": 7.89, "selling_price": 7.89, "price_per_unit": "pro 800g | 100g = 0.99 CHF", "breadcrumb": "Sortiment > Sortiment > Purina One Katzentrockenfutter", "pdp_url": "https://sortiment.lidl.ch/de/purina-one-katzentrockenfutter-0008703", "product_description": "Artikelnr.: 8703"}
{"product_name": "Pfefferminztee", "brand": "lord_nelson", "regular_price": 0.95, "selling_price": 0.95, "price_per_unit": "pro 50x1,4g | 100g = 1.36 CHF", "breadcrumb": "Sortiment > Sortiment > Pfefferminztee", "pdp_url": "https://sortiment.lidl.ch/de/pfefferminztee-0174800", "product_description": "Artikelnr.: 174800"}
{"product_name": "Hunde-Dentalsticks", "brand": "orlando", "regular_price": 0.59, "selling_price": 0.59, "price_per_unit": "pro 180g | 100g = 0.33 CHF", "breadcrumb": "Sortiment > Sortiment > Hunde-Dentalsticks", "pdp_url": "https://sortiment.lidl.ch/de/hunde-dentalsticks-0170779", "product_description": "Artikelnr.: 170779"}
{"product_name": "Weisswürste mit süssem Senf", "brand": "dulano", "regular_price": 4.29, "selling_price": 4.29, "price_per_unit": "pro 5x60g | 100g = 1.43 CHF", "breadcrumb": "Sortiment > Sortiment > Weisswürste mit süssem Senf", "pdp_url": "https://sortiment.lidl.ch/de/weisswuerste-mit-suessem-senf-5110887", "product_description": "Artikelnr.: 5110887"}
{"product_name": "Rohner Magenbrot", "brand": "", "regular_price": 4.49, "selling_price": 4.49, "price_per_unit": "pro 250g | 100g = 1.80 CHF", "breadcrumb": "Sortiment > Sortiment > Rohner Magenbrot", "pdp_url": "https://sortiment.lidl.ch/de/rohner-magenbrot-5111026", "product_description": "Artikelnr.: 5111026"}
{"product_name": "High Protein Pudding", "brand": "milbona", "regular_price": 1.79, "selling_price": 1.79, "price_per_unit": "pro 200g | 100g = 0.90 CHF", "breadcrumb": "Sortiment > Sortiment > High Protein Pudding", "pdp_url": "https://sortiment.lidl.ch/de/high-protein-pudding-0172111", "product_description": "Artikelnr.: 172111"}
{"product_name": "Züger Bio Butter laktosefrei", "brand": "zuger", "regular_price": 2.85, "selling_price": 2.85, "price_per_unit": "pro 100g |", "breadcrumb": "Sortiment > Sortiment > Züger Bio Butter laktosefrei", "pdp_url": "https://sortiment.lidl.ch/de/zueger-bio-butter-laktosefrei-5110747", "product_description": "Artikelnr.: 5110747"}
{"product_name": "Halbfettquark", "brand": "milbona", "regular_price": 1.49, "selling_price": 1.49, "price_per_unit": "pro 250g | 100g = 0.60 CHF", "breadcrumb": "Sortiment > Sortiment > Halbfettquark", "pdp_url": "https://sortiment.lidl.ch/de/halbfettquark-5104030", "product_description": "Artikelnr.: 5104030"}
{"product_name": "Antipasti Creme", "brand": "chef_select", "regular_price": 1.99, "selling_price": 1.99, "price_per_unit": "pro 150g | 100g = 1.33 CHF", "breadcrumb": "Sortiment > Sortiment > Antipasti Creme", "pdp_url": "https://sortiment.lidl.ch/de/antipasti-creme-0165056", "product_description": "Artikelnr.: 165056"}
{"product_name": "Eberle Fruchtkäse", "brand": "", "regular_price": 4.59, "selling_price": 4.59, "price_per_unit": "pro 125g | 100g = 3.68 CHF", "breadcrumb": "Sortiment > Sortiment > Eberle Fruchtkäse", "pdp_url": "https://sortiment.lidl.ch/de/eberle-fruchtkaese-5110842", "product_description": "Artikelnr.: 5110842"}
{"product_name": "Moser Bio Camembertli", "brand": "", "regular_price": 3.19, "selling_price": 3.19, "price_per_unit": "pro 125g | 100g = 2.56 CHF", "breadcrumb": "Sortiment > Sortiment > Moser Bio Camembertli", "pdp_url": "https://sortiment.lidl.ch/de/moser-bio-camembertli-5110772", "product_description": "Artikelnr.: 5110772"}
{"product_name": "Ibérico Spezialitäten", "brand": "deluxe", "regular_price": 2.95, "selling_price": 2.95, "price_per_unit": "pro 50g, 70g | 100g = 5.90, 4.22 CHF", "breadcrumb": "Sortiment > Sortiment > Ibérico Spezialitäten", "pdp_url": "https://sortiment.lidl.ch/de/iberico-spezialitaeten-0178683", "product_description": "Artikelnr.: 178683"}
{"product_name": "Kosmetiktücher 3-lagig", "brand": "cien", "regular_price": 1.99, "selling_price": 1.99, "price_per_unit": "pro 120 Stück | 1 Stk = 0.02 CHF", "breadcrumb": "Sortiment > Sortiment > Kosmetiktücher 3-lagig", "pdp_url": "https://sortiment.lidl.ch/de/kosmetiktuecher-3-lagig-0180707", "product_description": "Artikelnr.: 180707"}
{"product_name": "Sushi-Stäbchen", "brand": "chef_select", "regular_price": 0.1, "selling_price": 0.1, "price_per_unit": "pro Stück |", "breadcrumb": "Sortiment > Sortiment > Sushi-Stäbchen", "pdp_url": "https://sortiment.lidl.ch/de/sushi-staebchen-0174609", "product_description": "Artikelnr.: 174609"}
{"product_name": "Kaffekapseln Café au lait", "brand": "bellarom", "regular_price": 3.89, "selling_price": 3.89, "price_per_unit": "pro 16 Stück | 100g = 24.32, 2.44 CHF", "breadcrumb": "Sortiment > Sortiment > Kaffekapseln Café au lait", "pdp_url": "https://sortiment.lidl.ch/de/kaffekapseln-cafe-au-lait-0155510", "product_description": "Artikelnr.: 155510"}
{"product_name": "Kikkoman Sojasauce", "brand": "", "regular_price": 5.79, "selling_price": 5.79, "price_per_unit": "pro 500ml | 1L = 11.58 CHF", "breadcrumb": "Sortiment > Sortiment > Kikkoman Sojasauce", "pdp_url": "https://sortiment.lidl.ch/de/kikkoman-sojasauce-0182509", "product_description": "Artikelnr.: 182509"}
{"product_name": "Barista Haferdrink", "brand": "vemondo", "regular_price": 1.79, "selling_price": 1.79, "price_per_unit": "pro 1000ml |", "breadcrumb": "Sortiment > Sortiment > Barista Haferdrink", "pdp_url": "https://sortiment.lidl.ch/de/barista-haferdrink-0171735", "product_description": "Artikelnr.: 171735"}
{"product_name": "Schweizer Kaminholz 15kg", "brand": "", "regular_price": 9.99, "selling_price": 9.99, "price_per_unit": "pro 15kg | 100g = 0.07 CHF", "breadcrumb": "Sortiment > Sortiment > Schweizer Kaminholz 15kg", "pdp_url": "https://sortiment.lidl.ch/de/schweizer-kaminholz-15kg-5110790", "product_description": "Artikelnr.: 5110790"}
{"product_name": "Hirschgeschnetzeltes", "brand": "carnesi", "regular_price": 7.99, "selling_price": 7.99, "price_per_unit": "pro 250g | 100g = 3.20 CHF", "breadcrumb": "Sortiment > Sortiment > Hirschgeschnetzeltes", "pdp_url": "https://sortiment.lidl.ch/de/hirschgeschnetzeltes-5109871", "product_description": "Artikelnr.: 5109871"}
{"product_name": "Entrecote dünn geschnitten", "brand": "bonvalle", "regular_price": 5.99, "selling_price": 5.99, "price_per_unit": "pro 100g, ca. 200-300g |", "breadcrumb": "Sortiment > Sortiment > Entrecote dünn geschnitten", "pdp_url": "https://sortiment.lidl.ch/de/entrecote-duenn-geschnitten-5110571", "product_description": "Artikelnr.: 5110571"}
{"product_name": "Cordon Bleu vom Schwein", "brand": "bonvalle", "regular_price": 7.89, "selling_price": 7.89, "price_per_unit": "pro 380g | 100g = 2.08 CHF", "breadcrumb": "Sortiment > Sortiment > Cordon Bleu vom Schwein", "pdp_url": "https://sortiment.lidl.ch/de/cordon-bleu-vom-schwein-5110597", "product_description": "Artikelnr.: 5110597"}
{"product_name": "Fleischvogel mit Speck", "brand": "bonvalle", "regular_price": 9.99, "selling_price": 9.99, "price_per_unit": "pro 600g | 100g = 1.67 CHF", "breadcrumb": "Sortiment > Sortiment > Fleischvogel mit Speck", "pdp_url": "https://sortiment.lidl.ch/de/fleischvogel-mit-speck-0005842", "product_description": "Artikelnr.: 5842"}
{"product_name": "Becel Classic", "brand": "becel", "regular_price": 2.69, "selling_price": 2.69, "price_per_unit": "pro 225g | 100g = 1.20 CHF", "breadcrumb": "Sortiment > Sortiment > Becel Classic", "pdp_url": "https://sortiment.lidl.ch/de/becel-classic-0008806", "product_description": "Artikelnr.: 8806"}
{"product_name": "Zimt", "brand": "kania", "regular_price": 0.59, "selling_price": 0.59, "price_per_unit": "pro 40g | 100g = 1.48 CHF", "breadcrumb": "Sortiment > Sortiment > Zimt", "pdp_url": "https://sortiment.lidl.ch/de/zimt-0166383", "product_description": "Artikelnr.: 166383"}
{"product_name": "Wild Gerichte", "brand": "chef_select", "regular_price": 5.99, "selling_price": 5.99, "price_per_unit": "pro 350g | 100g = 1.72 CHF", "breadcrumb": "Sortiment > Sortiment > Wild Gerichte", "pdp_url": "https://sortiment.lidl.ch/de/wild-gerichte-5109381", "product_description": "Artikelnr.: 5109381"}
{"product_name": "Naturkosmetik Bodylotion", "brand": "", "regular_price": 2.99, "selling_price": 2.99, "price_per_unit": "pro 250ml | 100ML = 1.20 CHF", "breadcrumb": "Sortiment > Sortiment > Naturkosmetik Bodylotion", "pdp_url": "https://sortiment.lidl.ch/de/naturkosmetik-bodylotion-0158149", "product_description": "Artikelnr.: 158149"}
{"product_name": "Tuchmaske", "brand": "cien", "regular_price": 1.19, "selling_price": 1.19, "price_per_unit": "pro 17ml | 1 Stk = 0.60 CHF", "breadcrumb": "Sortiment > Sortiment > Tuchmaske", "pdp_url": "https://sortiment.lidl.ch/de/tuchmaske-0141870", "product_description": "Artikelnr.: 141870"}
{"product_name": "Schoggibrötli mit Fairtrade Kakao", "brand": "", "regular_price": 1.49, "selling_price": 1.49, "price_per_unit": "pro 80g | 100g = 1.87 CHF", "breadcrumb": "Sortiment > Sortiment > Schoggibrötli mit Fairtrade Kakao", "pdp_url": "https://sortiment.lidl.ch/de/schoggibroetli-mit-fairtrade-kakao-0179574", "product_description": "Artikelnr.: 179574 Weizenbrötchen mit Schokoladenstücken, aufgetaut. Zutaten: Weizenmehl , Wasser, 16% Schokolade* [Zucker, Kakaomasse, Kakaobutter, Emulgator: Lecithine (Sonnenblume, Raps)], Zucker, Rapsöl, Hefe, Eier **,  Speisesalz, Weizenkleber, Hühnereieiweiss**,  Weizenquellmehl , Gerstenmalzmehl , Magermilchpulver , Traubenzucker, Laktose , Milcheiweiss , Butter , Mehlbehandlungsmittel: Ascorbinsäure. Kann Spuren von Erdnüsse, Soja, Schalenfrüchte (Nüsse), Sellerie, Senf, Sesam und Sulfiten enthalten. *Anteil für gebackenes Produkt **aus Freilandhaltung. Hergestellt in der Schweiz."}
{"product_name": "Bio Eistee", "brand": "freeway", "regular_price": 0.89, "selling_price": 0.89, "price_per_unit": "pro 1l |", "breadcrumb": "Sortiment > Sortiment > Bio Eistee", "pdp_url": "https://sortiment.lidl.ch/de/bio-eistee-0176513", "product_description": "Artikelnr.: 176513"}
{"product_name": "Linsen", "brand": "freshona", "regular_price": 1.29, "selling_price": 1.29, "price_per_unit": "pro 260g (Abtropfgewicht) | 100g = 0.50 CHF", "breadcrumb": "Sortiment > Sortiment > Linsen", "pdp_url": "https://sortiment.lidl.ch/de/linsen-0032913", "product_description": "Artikelnr.: 32913"}
{"product_name": "Kräutertee", "brand": "lord_nelson", "regular_price": 1.25, "selling_price": 1.25, "price_per_unit": "pro 50x1,2g | 100g = 2.09 CHF", "breadcrumb": "Sortiment > Sortiment > Kräutertee", "pdp_url": "https://sortiment.lidl.ch/de/kraeutertee-0174802", "product_description": "Artikelnr.: 174802"}
{"product_name": "Rosenkohl", "brand": "freshona", "regular_price": 3.99, "selling_price": 3.99, "price_per_unit": "pro 750g | 100g = 0.54 CHF", "breadcrumb": "Sortiment > Sortiment > Rosenkohl", "pdp_url": "https://sortiment.lidl.ch/de/rosenkohl-5110686", "product_description": "Artikelnr.: 5110686"}
{"product_name": "Wild Ravioli", "brand": "chef_select", "regular_price": 4.99, "selling_price": 4.99, "price_per_unit": "pro 250g | 100g = 2.00 CHF", "breadcrumb": "Sortiment > Sortiment > Wild Ravioli", "pdp_url": "https://sortiment.lidl.ch/de/wild-ravioli-5110147", "product_description": "Artikelnr.: 5110147"}
{"product_name": "Raclette Scheiben mit Trüffel", "brand": "deluxe", "regular_price": 8.99, "selling_price": 8.99, "price_per_unit": "pro 300g | 100g = 3.00 CHF", "breadcrumb": "Sortiment > Sortiment > Raclette Scheiben mit Trüffel", "pdp_url": "https://sortiment.lidl.ch/de/raclette-scheiben-mit-trueffel-5110820", "product_description": "Artikelnr.: 5110820"}
{"product_name": "Bio Raclette Scheiben", "brand": "fromani", "regular_price": 6.99, "selling_price": 6.99, "price_per_unit": "pro 300g | 100g = 2.33 CHF", "breadcrumb": "Sortiment > Sortiment > Bio Raclette Scheiben", "pdp_url": "https://sortiment.lidl.ch/de/bio-raclette-scheiben-5109802", "product_description": "Artikelnr.: 5109802"}
{"product_name": "Vlies Allzwecktücher", "brand": "w5", "regular_price": 1.95, "selling_price": 1.95, "price_per_unit": "pro 10 Stück |", "breadcrumb": "Sortiment > Sortiment > Vlies Allzwecktücher", "pdp_url": "https://sortiment.lidl.ch/de/vlies-allzwecktuecher-0163576", "product_description": "Artikelnr.: 163576"}
{"product_name": "Thermo Fire Sicherheitsbrennpaste", "brand": "", "regular_price": 2.29, "selling_price": 2.29, "price_per_unit": "pro 3x80g | 100g = 0.96 CHF", "breadcrumb": "Sortiment > Sortiment > Thermo Fire Sicherheitsbrennpaste", "pdp_url": "https://sortiment.lidl.ch/de/thermo-fire-sicherheitsbrennpaste-5110727", "product_description": "Artikelnr.: 5110727"}
{"product_name": "Zwiebeln gelb 1kg", "brand": "", "regular_price": 2.09, "selling_price": 2.09, "price_per_unit": "pro 1kg |", "breadcrumb": "Sortiment > Sortiment > Zwiebeln gelb 1kg", "pdp_url": "https://sortiment.lidl.ch/de/zwiebeln-gelb-1kg-0083331", "product_description": "Artikelnr.: 83331"}
{"product_name": "Weisse Bohnen an Tomatensauce", "brand": "freshona", "regular_price": 1.29, "selling_price": 1.29, "price_per_unit": "pro 420g (Abtropfgewicht) | 100g = 0.31 CHF", "breadcrumb": "Sortiment > Sortiment > Weisse Bohnen an Tomatensauce", "pdp_url": "https://sortiment.lidl.ch/de/weisse-bohnen-an-tomatensauce-0092961", "product_description": "Artikelnr.: 92961"}
{"product_name": "Frisch gepresste Shots", "brand": "chef_select", "regular_price": 1.69, "selling_price": 1.69, "price_per_unit": "pro 150ml | 1L = 11.27 CHF", "breadcrumb": "Sortiment > Sortiment > Frisch gepresste Shots", "pdp_url": "https://sortiment.lidl.ch/de/frisch-gepresste-shots-6608467", "product_description": "Artikelnr.: 6608467"}
{"product_name": "St. Galler Klosterschinken", "brand": "", "regular_price": 3.99, "selling_price": 3.99, "price_per_unit": "pro 130g | 100g = 3.07 CHF", "breadcrumb": "Sortiment > Sortiment > St. Galler Klosterschinken", "pdp_url": "https://sortiment.lidl.ch/de/st-galler-klosterschinken-5110945", "product_description": "Artikelnr.: 5110945"}
{"product_name": "Hunde-Trockenfutter", "brand": "orlando", "regular_price": 9.49, "selling_price": 9.49, "price_per_unit": "pro 10kg | 100g = 0.10 CHF", "breadcrumb": "Sortiment > Sortiment > Hunde-Trockenfutter", "pdp_url": "https://sortiment.lidl.ch/de/hunde-trockenfutter-0178235", "product_description": "Artikelnr.: 178235"}
{"product_name": "Ofenschinken", "brand": "maestade", "regular_price": 3.85, "selling_price": 3.85, "price_per_unit": "pro 130g | 100g = 2.97 CHF", "breadcrumb": "Sortiment > Sortiment > Ofenschinken", "pdp_url": "https://sortiment.lidl.ch/de/ofenschinken-5103294", "product_description": "Artikelnr.: 5103294"}
{"product_name": "Bio Poulet Ganz", "brand": "carnesi", "regular_price": 1.39, "selling_price": 1.39, "price_per_unit": "pro 100g, ca. 1,5kg |", "breadcrumb": "Sortiment > Sortiment > Bio Poulet Ganz", "pdp_url": "https://sortiment.lidl.ch/de/bio-poulet-ganz-5005230", "product_description": "Artikelnr.: 5005230"}
{"product_name": "Bio Basmati Reis", "brand": "golden_sun", "regular_price": 1.79, "selling_price": 1.79, "price_per_unit": "pro 500g | 100g = 0.36 CHF", "breadcrumb": "Sortiment > Sortiment > Bio Basmati Reis", "pdp_url": "https://sortiment.lidl.ch/de/bio-basmati-reis-0128944", "product_description": "Artikelnr.: 128944"}
{"product_name": "Skyr Frucht", "brand": "milbona", "regular_price": 2.35, "selling_price": 2.35, "price_per_unit": "pro 500g | 100g = 0.47 CHF", "breadcrumb": "Sortiment > Sortiment > Skyr Frucht", "pdp_url": "https://sortiment.lidl.ch/de/skyr-frucht-0142012", "product_description": "Artikelnr.: 142012"}
{"product_name": "TIN Küchenreiniger", "brand": "", "regular_price": 1.39, "selling_price": 1.39, "price_per_unit": "pro 1l |", "breadcrumb": "Sortiment > Sortiment > TIN Küchenreiniger", "pdp_url": "https://sortiment.lidl.ch/de/tin-kuechenreiniger-5103787", "product_description": "Artikelnr.: 5103787"}
{"product_name": "Grapefruit", "brand": "freeway", "regular_price": 0.59, "selling_price": 0.59, "price_per_unit": "pro 1,5l | 1L = 0.40 CHF", "breadcrumb": "Sortiment > Sortiment > Grapefruit", "pdp_url": "https://sortiment.lidl.ch/de/grapefruit-0093093", "product_description": "Artikelnr.: 93093"}
{"product_name": "Spritz", "brand": "bitterol", "regular_price": 3.89, "selling_price": 3.89, "price_per_unit": "pro 0,75l | 1L = 5.19 CHF", "breadcrumb": "Sortiment > Sortiment > Spritz", "pdp_url": "https://sortiment.lidl.ch/de/spritz-0176614", "product_description": "Artikelnr.: 176614"}
{"product_name": "Kräutertee", "brand": "lord_nelson", "regular_price": 1.35, "selling_price": 1.35, "price_per_unit": "pro 25x2g, 25x3g | 100g = 2.70, 1.80 CHF", "breadcrumb": "Sortiment > Sortiment > Kräutertee", "pdp_url": "https://sortiment.lidl.ch/de/kraeutertee-0180059", "product_description": "Artikelnr.: 180059"}
{"product_name": "Bio Gemüsepfanne gewürzt", "brand": "freshona", "regular_price": 3.79, "selling_price": 3.79, "price_per_unit": "pro 600g | 100g = 0.64 CHF", "breadcrumb": "Sortiment > Sortiment > Bio Gemüsepfanne gewürzt", "pdp_url": "https://sortiment.lidl.ch/de/bio-gemuesepfanne-gewuerzt-0139082", "product_description": "Artikelnr.: 139082"}
{"product_name": "Waffelröllchen mit Schokolade", "brand": "sondey", "regular_price": 1.59, "selling_price": 1.59, "price_per_unit": "pro 125g | 100g = 1.28 CHF", "breadcrumb": "Sortiment > Sortiment > Waffelröllchen mit Schokolade", "pdp_url": "https://sortiment.lidl.ch/de/waffelroellchen-mit-schokolade-0171981", "product_description": "Artikelnr.: 171981"}
{"product_name": "Nestlé Frühstücks-Cerealien Mini", "brand": "nestle", "regular_price": 4.39, "selling_price": 4.39, "price_per_unit": "pro 200g | 100g = 2.20 CHF", "breadcrumb": "Sortiment > Sortiment > Nestlé Frühstücks-Cerealien Mini", "pdp_url": "https://sortiment.lidl.ch/de/nestle-fruehstuecks-cerealien-mini-5110992", "product_description": "Artikelnr.: 5110992"}
{"product_name": "Rindshackfleisch", "brand": "bonvalle", "regular_price": 5.79, "selling_price": 5.79, "price_per_unit": "pro 300g | 100g = 1.93 CHF", "breadcrumb": "Sortiment > Sortiment > Rindshackfleisch", "pdp_url": "https://sortiment.lidl.ch/de/rindshackfleisch-5110568", "product_description": "Artikelnr.: 5110568"}
{"product_name": "Kakaopulver", "brand": "belbake", "regular_price": 3.29, "selling_price": 3.29, "price_per_unit": "pro 250g | 100g = 1.32 CHF", "breadcrumb": "Sortiment > Sortiment > Kakaopulver", "pdp_url": "https://sortiment.lidl.ch/de/kakaopulver-0157734", "product_description": "Artikelnr.: 157734"}
{"product_name": "Bio Datteln Deglet Nour", "brand": "alesto", "regular_price": 2.49, "selling_price": 2.49, "price_per_unit": "pro 250g | 100g = 1.00 CHF", "breadcrumb": "Sortiment > Sortiment > Bio Datteln Deglet Nour", "pdp_url": "https://sortiment.lidl.ch/de/bio-datteln-deglet-nour-0172342", "product_description": "Artikelnr.: 172342"}
{"product_name": "Kamillentee", "brand": "lord_nelson", "regular_price": 0.95, "selling_price": 0.95, "price_per_unit": "pro 50x1,2g | 100g = 1.59 CHF", "breadcrumb": "Sortiment > Sortiment > Kamillentee", "pdp_url": "https://sortiment.lidl.ch/de/kamillentee-0174801", "product_description": "Artikelnr.: 174801"}
{"product_name": "Premium Katzen-Trockenfutter", "brand": "coshida_selection", "regular_price": 2.49, "selling_price": 2.49, "price_per_unit": "pro 750g | 100g = 0.34 CHF", "breadcrumb": "Sortiment > Sortiment > Premium Katzen-Trockenfutter", "pdp_url": "https://sortiment.lidl.ch/de/premium-katzen-trockenfutter-0027100", "product_description": "Artikelnr.: 27100"}
{"product_name": "Cotto", "brand": "maestade", "regular_price": 2.99, "selling_price": 2.99, "price_per_unit": "pro 150g | 100g = 2.00 CHF", "breadcrumb": "Sortiment > Sortiment > Cotto", "pdp_url": "https://sortiment.lidl.ch/de/cotto-5110531", "product_description": "Artikelnr.: 5110531"}
{"product_name": "Bio Holzofen Knusperspitz", "brand": "", "regular_price": 3.69, "selling_price": 3.69, "price_per_unit": "pro 380g | 100g = 0.98 CHF", "breadcrumb": "Sortiment > Sortiment > Bio Holzofen Knusperspitz", "pdp_url": "https://sortiment.lidl.ch/de/bio-holzofen-knusperspitz-5110542", "product_description": "Artikelnr.: 5110542 Bio Spezialbrot mit Roggensauerteig. Zutaten: 63% Weizenmehl1 [weiss, halbweiss, vollkorn], Wasser, 5% Sauerteig [Wasser, Roggenvollkornmehl1 , Hefe1], Hartweizengriess1 , Speisesalz jodiert, Hefe1 frisch, Weizenprotein1 , Gerstenmalzmehl1, Acerolapulver1 (auf Stärke), Oblade [Maisstärke1, Kartoffelstärke1, Kakaopulver1, Karamell1, Emulgator: Sonnenblumenlecithine1]. Kann Spuren von Ei, Erdnüsse, Soja, Milch, Schalenfrüchte (Nüsse), Sellerie, Senf, Sesam und Sulfiten enthalten. 1aus biologischer Landwirtschaft. Hergestellt in der Schweiz. CH-BIO-006."}
{"product_name": "Schweinsschnitzel paniert", "brand": "bonvalle", "regular_price": 7.99, "selling_price": 7.99, "price_per_unit": "pro 380g | 100g = 2.11 CHF", "breadcrumb": "Sortiment > Sortiment > Schweinsschnitzel paniert", "pdp_url": "https://sortiment.lidl.ch/de/schweinsschnitzel-paniert-5110549", "product_description": "Artikelnr.: 5110549"}
{"product_name": "Pure Taste Hundenassnahrung", "brand": "orlando", "regular_price": 1.19, "selling_price": 1.19, "price_per_unit": "pro 150g | 100g = 0.80 CHF", "breadcrumb": "Sortiment > Sortiment > Pure Taste Hundenassnahrung", "pdp_url": "https://sortiment.lidl.ch/de/pure-taste-hundenassnahrung-0157202", "product_description": "Artikelnr.: 157202"}
{"product_name": "Magnesium + Vitamin B6", "brand": "", "regular_price": 2.39, "selling_price": 2.39, "price_per_unit": "pro 90 Stück | 1 Stk = 0.03 CHF", "breadcrumb": "Sortiment > Sortiment > Magnesium + Vitamin B6", "pdp_url": "https://sortiment.lidl.ch/de/magnesium-vitamin-b6-5708844", "product_description": "Artikelnr.: 5708844"}
{"product_name": "Toastbrötchen", "brand": "", "regular_price": 1.99, "selling_price": 1.99, "price_per_unit": "pro 335g | 100g = 0.60 CHF", "breadcrumb": "Sortiment > Sortiment > Toastbrötchen", "pdp_url": "https://sortiment.lidl.ch/de/toastbroetchen-0147399", "product_description": "Artikelnr.: 147399"}
{"product_name": "Mega Burger Brötli", "brand": "mcennedy", "regular_price": 1.89, "selling_price": 1.89, "price_per_unit": "pro 300g | 100g = 0.63 CHF", "breadcrumb": "Sortiment > Sortiment > Mega Burger Brötli", "pdp_url": "https://sortiment.lidl.ch/de/mega-burger-broetli-0069994", "product_description": "Artikelnr.: 69994"}
{"product_name": "Camille Bloch Torino", "brand": "", "regular_price": 2.35, "selling_price": 2.35, "price_per_unit": "pro 46g | 100g = 5.11 CHF", "breadcrumb": "Sortiment > Sortiment > Camille Bloch Torino", "pdp_url": "https://sortiment.lidl.ch/de/camille-bloch-torino-5110766", "product_description": "Artikelnr.: 5110766"}
{"product_name": "Camille Bloch Ragusa Classique", "brand": "", "regular_price": 2.39, "selling_price": 2.39, "price_per_unit": "pro 50g | 100g = 4.78 CHF", "breadcrumb": "Sortiment > Sortiment > Camille Bloch Ragusa Classique", "pdp_url": "https://sortiment.lidl.ch/de/camille-bloch-ragusa-classique-5110764", "product_description": "Artikelnr.: 5110764"}
{"product_name": "Woköl Thai", "brand": "vitasia", "regular_price": 3.85, "selling_price": 3.85, "price_per_unit": "pro 250ml | 1L = 15.40 CHF", "breadcrumb": "Sortiment > Sortiment > Woköl Thai", "pdp_url": "https://sortiment.lidl.ch/de/wokoel-thai-0170666", "product_description": "Artikelnr.: 170666"}
{"product_name": "ASC Pangasius-Knusperli", "brand": "fishers_choice", "regular_price": 3.95, "selling_price": 3.95, "price_per_unit": "pro 240g | 100g = 1.65 CHF", "breadcrumb": "Sortiment > Sortiment > ASC Pangasius-Knusperli", "pdp_url": "https://sortiment.lidl.ch/de/asc-pangasius-knusperli-5110961", "product_description": "Artikelnr.: 5110961"}
{"product_name": "Nestlé Milchbrei Banane, Erdbeere", "brand": "nestle", "regular_price": 8.89, "selling_price": 8.89, "price_per_unit": "pro 450g | 100g = 1.98 CHF", "breadcrumb": "Sortiment > Sortiment > Nestlé Milchbrei Banane, Erdbeere", "pdp_url": "https://sortiment.lidl.ch/de/nestle-milchbrei-banane-erdbeere-5110872", "product_description": "Artikelnr.: 5110872"}
{"product_name": "Bio Holzofenbrot dunkel", "brand": "", "regular_price": 3.49, "selling_price": 3.49, "price_per_unit": "pro 380g | 100g = 0.92 CHF", "breadcrumb": "Sortiment > Sortiment > Bio Holzofenbrot dunkel", "pdp_url": "https://sortiment.lidl.ch/de/bio-holzofenbrot-dunkel-0164255", "product_description": "Artikelnr.: 164255 Bio Holzofenbrot  dunkel. Zutaten: Weizenmehl 1, Wasser, Roggenmehl 1, Weizenvollkornmehl 1, Hefe1, Weizenschrot 1, Speisesalz, Weizenröstmalzmehl 1, Haferflocken 1, Leinsamen1, Weizensauerteig 1, Weizenkleber 1, Kürbiskerne1 , Sonnenblumenkerne1, Weizenkeime 1, Milcheiweiss 1, Oblate1 (Maisstärke1, Kartoffelstärke1, Kakaopulver1, Zucker1, karamellisierter Zucker1, Emulgator: Lecithine [Sonnenblume]1), Acerolafruchtpulver (auf Maniokstärke- und Maltodextrinbasis), Enzyme. 1aus  biologischer Landwirtschaft. Kann Spuren von Eiern, Erdnüssen, Soja, Schalenfrüchte (Nüsse), Sellerie, Senf, Sesam und Sulfiten enthalten. Hergestellt in der Schweiz. CH-BIO-006"}
{"product_name": "Bio Holzofenbrot hell", "brand": "", "regular_price": 3.49, "selling_price": 3.49, "price_per_unit": "pro 380g | 100g = 0.92 CHF", "breadcrumb": "Sortiment > Sortiment > Bio Holzofenbrot hell", "pdp_url": "https://sortiment.lidl.ch/de/bio-holzofenbrot-hell-0164253", "product_description": "Artikelnr.: 164253 Bio Holzofenbrot hell. Zutaten: Weizenmehl 1, Wasser, Roggenmehl 1, Hefe1, Speisesalz, Weizenkleber 1, Weizensauerteig 1, Milcheiweiss 1, Oblate1 (Maisstärke1, Kartoffelstärke1, Kakaopulver1, Zucker1, karamellisierter Zucker1, Emulgator: Lecithine [Sonnenblume]1), Acerolafruchtpulver1 (auf Maniokstärke- und Maltodextrinbasis), Enzyme. 1aus biologischer Landwirtschaft. Kann Spuren von Eiern, Erdnüssen, Soja, Schalenfrüchte (Nüsse), Sellerie, Senf, Sesam und Sulfiten enthalten. Hergestellt in der Schweiz. CH-BIO-006"}
{"product_name": "Apfelmus", "brand": "les_vergers_gourmands", "regular_price": 1.99, "selling_price": 1.99, "price_per_unit": "pro 4x100g | 100g = 0.50 CHF", "breadcrumb": "Sortiment > Sortiment > Apfelmus", "pdp_url": "https://sortiment.lidl.ch/de/apfelmus-0171796", "product_description": "Artikelnr.: 171796"}
{"product_name": "Frühlingsrollen", "brand": "culinea", "regular_price": 3.95, "selling_price": 3.95, "price_per_unit": "pro 400g | 100g = 0.99 CHF", "breadcrumb": "Sortiment > Sortiment > Frühlingsrollen", "pdp_url": "https://sortiment.lidl.ch/de/fruehlingsrollen-0179946", "product_description": "Artikelnr.: 179946"}
{"product_name": "Pommes Frites 2.5kg", "brand": "harvest_basket", "regular_price": 8.49, "selling_price": 8.49, "price_per_unit": "pro 2500g | 100g = 0.34 CHF", "breadcrumb": "Sortiment > Sortiment > Pommes Frites 2.5kg", "pdp_url": "https://sortiment.lidl.ch/de/pommes-frites-2-5kg-5110376", "product_description": "Artikelnr.: 5110376"}
{"product_name": "Majoran", "brand": "kania", "regular_price": 0.69, "selling_price": 0.69, "price_per_unit": "pro 10g | 100g = 6.90 CHF", "breadcrumb": "Sortiment > Sortiment > Majoran", "pdp_url": "https://sortiment.lidl.ch/de/majoran-0012874", "product_description": "Artikelnr.: 12874"}
{"product_name": "Trecce di Mozzarella", "brand": "", "regular_price": 3.59, "selling_price": 3.59, "price_per_unit": "pro 200g | 100g = 1.80 CHF", "breadcrumb": "Sortiment > Sortiment > Trecce di Mozzarella", "pdp_url": "https://sortiment.lidl.ch/de/trecce-di-mozzarella-5110443", "product_description": "Artikelnr.: 5110443"}
{"product_name": "Fuchs Rahmglace Erdbeer", "brand": "gelatelli", "regular_price": 5.99, "selling_price": 5.99, "price_per_unit": "pro 12x60ml | 1L = 8.32 CHF", "breadcrumb": "Sortiment > Sortiment > Fuchs Rahmglace Erdbeer", "pdp_url": "https://sortiment.lidl.ch/de/fuchs-rahmglace-erdbeer-5110389", "product_description": "Artikelnr.: 5110389"}
{"product_name": "Steinbock Rahmglace Schokolade", "brand": "gelatelli", "regular_price": 5.99, "selling_price": 5.99, "price_per_unit": "pro 12x60ml | 1L = 8.32 CHF", "breadcrumb": "Sortiment > Sortiment > Steinbock Rahmglace Schokolade", "pdp_url": "https://sortiment.lidl.ch/de/steinbock-rahmglace-schokolade-5110388", "product_description": "Artikelnr.: 5110388"}
{"product_name": "Eule Rahmglace Vanille", "brand": "gelatelli", "regular_price": 5.99, "selling_price": 5.99, "price_per_unit": "pro 12x60ml | 1L = 8.32 CHF", "breadcrumb": "Sortiment > Sortiment > Eule Rahmglace Vanille", "pdp_url": "https://sortiment.lidl.ch/de/eule-rahmglace-vanille-5110387", "product_description": "Artikelnr.: 5110387"}
{"product_name": "Bio Speckwürfeli", "brand": "maestade", "regular_price": 4.49, "selling_price": 4.49, "price_per_unit": "pro 2x80g | 100g = 2.81 CHF", "breadcrumb": "Sortiment > Sortiment > Bio Speckwürfeli", "pdp_url": "https://sortiment.lidl.ch/de/bio-speckwuerfeli-5110449", "product_description": "Artikelnr.: 5110449"}
{"product_name": "Johannisberg de Chamoson AOC", "brand": "", "regular_price": 10.99, "selling_price": 10.99, "price_per_unit": "pro 0,75l | 1L = 14.66 CHF", "breadcrumb": "Sortiment > Sortiment > Johannisberg de Chamoson AOC", "pdp_url": "https://sortiment.lidl.ch/de/johannisberg-de-chamoson-aoc-0005148", "product_description": "Artikelnr.: 5148"}
{"product_name": "Mineralwasser", "brand": "saskia", "regular_price": 2.39, "selling_price": 2.39, "price_per_unit": "pro 9x0,5l | 1L = 0.54 CHF", "breadcrumb": "Sortiment > Sortiment > Mineralwasser", "pdp_url": "https://sortiment.lidl.ch/de/mineralwasser-0151481", "product_description": "Artikelnr.: 151481"}
{"product_name": "Heidelbeeren", "brand": "freshona", "regular_price": 3.59, "selling_price": 3.59, "price_per_unit": "pro 500g | 100g = 0.72 CHF", "breadcrumb": "Sortiment > Sortiment > Heidelbeeren", "pdp_url": "https://sortiment.lidl.ch/de/heidelbeeren-0173945", "product_description": "Artikelnr.: 173945"}
{"product_name": "Apfelstrudel", "brand": "confiserie_firenze", "regular_price": 2.99, "selling_price": 2.99, "price_per_unit": "pro 600g | 100g = 0.50 CHF", "breadcrumb": "Sortiment > Sortiment > Apfelstrudel", "pdp_url": "https://sortiment.lidl.ch/de/apfelstrudel-0026475", "product_description": "Artikelnr.: 26475"}
{"product_name": "Rüebli 1kg", "brand": "", "regular_price": 1.69, "selling_price": 1.69, "price_per_unit": "pro 1kg |", "breadcrumb": "Sortiment > Sortiment > Rüebli 1kg", "pdp_url": "https://sortiment.lidl.ch/de/rueebli-1kg-0082761", "product_description": "Artikelnr.: 82761"}
{"product_name": "Honey Bubbles/ Cereal Cookies", "brand": "crownfield", "regular_price": 2.99, "selling_price": 2.99, "price_per_unit": "pro 500g | 100g = 0.60 CHF", "breadcrumb": "Sortiment > Sortiment > Honey Bubbles/ Cereal Cookies", "pdp_url": "https://sortiment.lidl.ch/de/honey-bubbles-cereal-cookies-0161514", "product_description": "Artikelnr.: 161514"}
{"product_name": "Wattepads gross oval", "brand": "cien", "regular_price": 1.49, "selling_price": 1.49, "price_per_unit": "pro 70 Stück |", "breadcrumb": "Sortiment > Sortiment > Wattepads gross oval", "pdp_url": "https://sortiment.lidl.ch/de/wattepads-gross-oval-0090903", "product_description": "Artikelnr.: 90903"}
{"product_name": "Bio Kürbiskerne", "brand": "alesto", "regular_price": 1.99, "selling_price": 1.99, "price_per_unit": "pro 150g | 100g = 1.33 CHF", "breadcrumb": "Sortiment > Sortiment > Bio Kürbiskerne", "pdp_url": "https://sortiment.lidl.ch/de/bio-kuerbiskerne-0123661", "product_description": "Artikelnr.: 123661"}
{"product_name": "Duca di Sasseta Rosso Toscana", "brand": "", "regular_price": 7.99, "selling_price": 3.99, "price_per_unit": "pro 0,75l | 1L = 5.32 CHF", "breadcrumb": "Sortiment > Sortiment > Duca di Sasseta Rosso Toscana", "pdp_url": "https://sortiment.lidl.ch/de/duca-di-sasseta-rosso-toscana-0170108", "product_description": "Artikelnr.: 170108"}
{"product_name": "Tempranillo DOP", "brand": "", "regular_price": 4.95, "selling_price": 4.95, "price_per_unit": "pro 0,75l | 1L = 6.60 CHF", "breadcrumb": "Sortiment > Sortiment > Tempranillo DOP", "pdp_url": "https://sortiment.lidl.ch/de/tempranillo-dop-0036258", "product_description": "Artikelnr.: 36258"}
{"product_name": "Yogi Tea Bio", "brand": "", "regular_price": 4.29, "selling_price": 4.29, "price_per_unit": "pro 17 Stück | 1 Stk = 0.26 CHF", "breadcrumb": "Sortiment > Sortiment > Yogi Tea Bio", "pdp_url": "https://sortiment.lidl.ch/de/yogi-tea-bio-5110651", "product_description": "Artikelnr.: 5110651"}
{"product_name": "Coca-Cola Zero", "brand": "coca-cola", "regular_price": 11.89, "selling_price": 11.89, "price_per_unit": "pro 8x0,5l | 1L = 2.98 CHF", "breadcrumb": "Sortiment > Sortiment > Coca-Cola Zero", "pdp_url": "https://sortiment.lidl.ch/de/coca-cola-zero-0008716", "product_description": "Artikelnr.: 8716"}
{"product_name": "Coca-Cola Original", "brand": "coca-cola", "regular_price": 11.89, "selling_price": 11.89, "price_per_unit": "pro 8x0,5l | 1L = 2.98 CHF", "breadcrumb": "Sortiment > Sortiment > Coca-Cola Original", "pdp_url": "https://sortiment.lidl.ch/de/coca-cola-original-0008715", "product_description": "Artikelnr.: 8715"}
{"product_name": "Grande Selone Rosé d' Italia", "brand": "", "regular_price": 5.99, "selling_price": 5.99, "price_per_unit": "pro 0,75l | 1L = 7.99 CHF", "breadcrumb": "Sortiment > Sortiment > Grande Selone Rosé d' Italia", "pdp_url": "https://sortiment.lidl.ch/de/grande-selone-rose-d-italia-0163946", "product_description": "Artikelnr.: 163946"}
{"product_name": "Instant Kaffee Classic", "brand": "bellarom", "regular_price": 3.89, "selling_price": 3.89, "price_per_unit": "pro 200g | 100g = 1.95 CHF", "breadcrumb": "Sortiment > Sortiment > Instant Kaffee Classic", "pdp_url": "https://sortiment.lidl.ch/de/instant-kaffee-classic-0128614", "product_description": "Artikelnr.: 128614"}
{"product_name": "Instant Kaffee Mild", "brand": "bellarom", "regular_price": 3.89, "selling_price": 3.89, "price_per_unit": "pro 200g | 100g = 1.95 CHF", "breadcrumb": "Sortiment > Sortiment > Instant Kaffee Mild", "pdp_url": "https://sortiment.lidl.ch/de/instant-kaffee-mild-0128613", "product_description": "Artikelnr.: 128613"}
{"product_name": "Felix Katzennahrung in Gelée", "brand": "felix", "regular_price": 7.85, "selling_price": 7.85, "price_per_unit": "pro 12x85g | 100g = 0.77 CHF", "breadcrumb": "Sortiment > Sortiment > Felix Katzennahrung in Gelée", "pdp_url": "https://sortiment.lidl.ch/de/felix-katzennahrung-in-gelee-0008702", "product_description": "Artikelnr.: 8702"}
{"product_name": "Wattepads 100% Baumwolle", "brand": "cien", "regular_price": 0.89, "selling_price": 0.89, "price_per_unit": "pro 140 Stück | 1 Stk = 0.01 CHF", "breadcrumb": "Sortiment > Sortiment > Wattepads 100% Baumwolle", "pdp_url": "https://sortiment.lidl.ch/de/wattepads-100-baumwolle-0142067", "product_description": "Artikelnr.: 142067"}
{"product_name": "Châteauneudu-Pape AOP", "brand": "", "regular_price": 19.95, "selling_price": 19.95, "price_per_unit": "pro 0,75l | 1L = 26.60 CHF", "breadcrumb": "Sortiment > Sortiment > Châteauneudu-Pape AOP", "pdp_url": "https://sortiment.lidl.ch/de/chateauneudu-pape-aop-0178850", "product_description": "Artikelnr.: 178850"}
{"product_name": "Poulet Bratwurst", "brand": "maestade", "regular_price": 4.95, "selling_price": 4.95, "price_per_unit": "pro 400g | 100g = 1.24 CHF", "breadcrumb": "Sortiment > Sortiment > Poulet Bratwurst", "pdp_url": "https://sortiment.lidl.ch/de/poulet-bratwurst-5110621", "product_description": "Artikelnr.: 5110621"}
{"product_name": "Rama zum Streichen Kochen, Backen", "brand": "rama", "regular_price": 2.39, "selling_price": 2.39, "price_per_unit": "pro 225g | 100g = 1.07 CHF", "breadcrumb": "Sortiment > Sortiment > Rama zum Streichen Kochen, Backen", "pdp_url": "https://sortiment.lidl.ch/de/rama-zum-streichen-kochen-backen-0008723", "product_description": "Artikelnr.: 8723"}
{"product_name": "Bio Orangensaft", "brand": "solevita", "regular_price": 3.79, "selling_price": 3.79, "price_per_unit": "pro 1l |", "breadcrumb": "Sortiment > Sortiment > Bio Orangensaft", "pdp_url": "https://sortiment.lidl.ch/de/bio-orangensaft-0152391", "product_description": "Artikelnr.: 152391"}
{"product_name": "Prosecco DOC Rosé", "brand": "", "regular_price": 8.99, "selling_price": 8.99, "price_per_unit": "pro 0,75l | 1L = 11.99 CHF", "breadcrumb": "Sortiment > Sortiment > Prosecco DOC Rosé", "pdp_url": "https://sortiment.lidl.ch/de/prosecco-doc-rose-0160262", "product_description": "Artikelnr.: 160262"}
{"product_name": "Bourbon Vanilleschote", "brand": "belbake", "regular_price": 3.99, "selling_price": 3.99, "price_per_unit": "pro 4g | 10g = 9.98 CHF", "breadcrumb": "Sortiment > Sortiment > Bourbon Vanilleschote", "pdp_url": "https://sortiment.lidl.ch/de/bourbon-vanilleschote-0131285", "product_description": "Artikelnr.: 131285"}
{"product_name": "Küchentücher 3-lagig", "brand": "floralys", "regular_price": 3.49, "selling_price": 3.49, "price_per_unit": "pro 256 Blatt |", "breadcrumb": "Sortiment > Sortiment > Küchentücher 3-lagig", "pdp_url": "https://sortiment.lidl.ch/de/kuechentuecher-3-lagig-0152328", "product_description": "Artikelnr.: 152328"}
{"product_name": "Bio Naturkosmetik Handcreme", "brand": "", "regular_price": 1.99, "selling_price": 1.99, "price_per_unit": "pro 75ml | 100ML = 2.66 CHF", "breadcrumb": "Sortiment > Sortiment > Bio Naturkosmetik Handcreme", "pdp_url": "https://sortiment.lidl.ch/de/bio-naturkosmetik-handcreme-0162073", "product_description": "Artikelnr.: 162073"}
{"product_name": "Naturkosmetik Tag und Nachtcreme", "brand": "", "regular_price": 4.95, "selling_price": 4.95, "price_per_unit": "pro 50ml | 100ML = 9.90 CHF", "breadcrumb": "Sortiment > Sortiment > Naturkosmetik Tag und Nachtcreme", "pdp_url": "https://sortiment.lidl.ch/de/naturkosmetik-tag-und-nachtcreme-0138687", "product_description": "Artikelnr.: 138687"}
{"product_name": "Felix Katzensnack Party Mix", "brand": "felix", "regular_price": 5.85, "selling_price": 5.85, "price_per_unit": "pro 200g | 100g = 2.93 CHF", "breadcrumb": "Sortiment > Sortiment > Felix Katzensnack Party Mix", "pdp_url": "https://sortiment.lidl.ch/de/felix-katzensnack-party-mix-0008705", "product_description": "Artikelnr.: 8705"}
{"product_name": "Machland Fruit & go Squeezer", "brand": "machland", "regular_price": 0.79, "selling_price": 0.79, "price_per_unit": "pro 100g |", "breadcrumb": "Sortiment > Sortiment > Machland Fruit & go Squeezer", "pdp_url": "https://sortiment.lidl.ch/de/machland-fruit-go-squeezer-5002343", "product_description": "Artikelnr.: 5002343"}
{"product_name": "Fanta Orange", "brand": "fanta", "regular_price": 11.89, "selling_price": 11.89, "price_per_unit": "pro 8x0,5l | 1L = 2.98 CHF", "breadcrumb": "Sortiment > Sortiment > Fanta Orange", "pdp_url": "https://sortiment.lidl.ch/de/fanta-orange-0008725", "product_description": "Artikelnr.: 8725"}
{"product_name": "Chiliflocken", "brand": "kania", "regular_price": 0.99, "selling_price": 0.99, "price_per_unit": "pro 30g | 100g = 3.30 CHF", "breadcrumb": "Sortiment > Sortiment > Chiliflocken", "pdp_url": "https://sortiment.lidl.ch/de/chiliflocken-0133832", "product_description": "Artikelnr.: 133832"}
{"product_name": "Mexikanische Gewürzmischung", "brand": "kania", "regular_price": 0.79, "selling_price": 0.79, "price_per_unit": "pro 25g, 35g | 100g = 3.16, 2.26 CHF", "breadcrumb": "Sortiment > Sortiment > Mexikanische Gewürzmischung", "pdp_url": "https://sortiment.lidl.ch/de/mexikanische-gewuerzmischung-0021175", "product_description": "Artikelnr.: 21175"}
{"product_name": "Aromatische Würzmischung", "brand": "kania", "regular_price": 1.19, "selling_price": 1.19, "price_per_unit": "pro 90g | 100g = 1.33 CHF", "breadcrumb": "Sortiment > Sortiment > Aromatische Würzmischung", "pdp_url": "https://sortiment.lidl.ch/de/aromatische-wuerzmischung-0166433", "product_description": "Artikelnr.: 166433"}
{"product_name": "Old el Paso Fajita Mix", "brand": "", "regular_price": 1.35, "selling_price": 1.35, "price_per_unit": "pro 30g | 100g = 4.50 CHF", "breadcrumb": "Sortiment > Sortiment > Old el Paso Fajita Mix", "pdp_url": "https://sortiment.lidl.ch/de/old-el-paso-fajita-mix-5109496", "product_description": "Artikelnr.: 5109496"}
{"product_name": "Old el Paso Guacamole Mix", "brand": "", "regular_price": 1.35, "selling_price": 1.35, "price_per_unit": "pro 20g | 100g = 6.75 CHF", "breadcrumb": "Sortiment > Sortiment > Old el Paso Guacamole Mix", "pdp_url": "https://sortiment.lidl.ch/de/old-el-paso-guacamole-mix-5109495", "product_description": "Artikelnr.: 5109495"}
{"product_name": "Muskatnuss gemahlen", "brand": "kania", "regular_price": 1.59, "selling_price": 1.59, "price_per_unit": "pro 45g | 100g = 3.54 CHF", "breadcrumb": "Sortiment > Sortiment > Muskatnuss gemahlen", "pdp_url": "https://sortiment.lidl.ch/de/muskatnuss-gemahlen-0162815", "product_description": "Artikelnr.: 162815"}
{"product_name": "Bio Pfeffer ganz", "brand": "kania", "regular_price": 2.49, "selling_price": 2.49, "price_per_unit": "pro 100g, 70g | 100g = 3.56, 2.49 CHF", "breadcrumb": "Sortiment > Sortiment > Bio Pfeffer ganz", "pdp_url": "https://sortiment.lidl.ch/de/bio-pfeffer-ganz-0151095", "product_description": "Artikelnr.: 151095"}
{"product_name": "Bio Gewürze", "brand": "kania", "regular_price": 1.49, "selling_price": 1.49, "price_per_unit": "pro 35g, 40g, 50g | 100g = 4.26, 3.73, 2.98 CHF", "breadcrumb": "Sortiment > Sortiment > Bio Gewürze", "pdp_url": "https://sortiment.lidl.ch/de/bio-gewuerze-0148056", "product_description": "Artikelnr.: 148056"}
{"product_name": "Bio Gewürze", "brand": "kania", "regular_price": 1.49, "selling_price": 1.49, "price_per_unit": "pro 15g, 40g, 45g | 100g = 9.94, 3.73, 3.32 CHF", "breadcrumb": "Sortiment > Sortiment > Bio Gewürze", "pdp_url": "https://sortiment.lidl.ch/de/bio-gewuerze-0148055", "product_description": "Artikelnr.: 148055"}
{"product_name": "Fleischgewürz", "brand": "kania", "regular_price": 0.99, "selling_price": 0.99, "price_per_unit": "pro 60g | 100g = 1.65 CHF", "breadcrumb": "Sortiment > Sortiment > Fleischgewürz", "pdp_url": "https://sortiment.lidl.ch/de/fleischgewuerz-0133845", "product_description": "Artikelnr.: 133845"}
{"product_name": "Zitronenpfeffer", "brand": "kania", "regular_price": 0.99, "selling_price": 0.99, "price_per_unit": "pro 75g | 100g = 1.32 CHF", "breadcrumb": "Sortiment > Sortiment > Zitronenpfeffer", "pdp_url": "https://sortiment.lidl.ch/de/zitronenpfeffer-0133837", "product_description": "Artikelnr.: 133837"}
{"product_name": "Edle Gewürzmühlen", "brand": "deluxe", "regular_price": 3.49, "selling_price": 3.49, "price_per_unit": "pro 40g, 45g, 50g, 55g | 100g = 8.73 bis 6.35", "breadcrumb": "Sortiment > Sortiment > Edle Gewürzmühlen", "pdp_url": "https://sortiment.lidl.ch/de/edle-gewuerzmuehlen-0097448", "product_description": "Artikelnr.: 97448"}
{"product_name": "Rosmarin", "brand": "kania", "regular_price": 0.69, "selling_price": 0.69, "price_per_unit": "pro 25g | 100g = 2.76 CHF", "breadcrumb": "Sortiment > Sortiment > Rosmarin", "pdp_url": "https://sortiment.lidl.ch/de/rosmarin-0012875", "product_description": "Artikelnr.: 12875"}
{"product_name": "Poulet Cervelas", "brand": "maestade", "regular_price": 3.69, "selling_price": 3.69, "price_per_unit": "pro 500g | 100g = 0.74 CHF", "breadcrumb": "Sortiment > Sortiment > Poulet Cervelas", "pdp_url": "https://sortiment.lidl.ch/de/poulet-cervelas-5110633", "product_description": "Artikelnr.: 5110633"}
{"product_name": "Milchdrink 2.5% pasteurisiert", "brand": "milbona", "regular_price": 1.39, "selling_price": 1.39, "price_per_unit": "pro 1000ml |", "breadcrumb": "Sortiment > Sortiment > Milchdrink 2.5% pasteurisiert", "pdp_url": "https://sortiment.lidl.ch/de/milchdrink-2-5-pasteurisiert-5110078", "product_description": "Artikelnr.: 5110078"}
{"product_name": "Macarons", "brand": "confiserie_firenze", "regular_price": 4.49, "selling_price": 4.49, "price_per_unit": "pro 12x12g | 100g = 3.12 CHF", "breadcrumb": "Sortiment > Sortiment > Macarons", "pdp_url": "https://sortiment.lidl.ch/de/macarons-7407454", "product_description": "Artikelnr.: 7407454"}
{"product_name": "Vollmilch 3.5% pasteurisiert", "brand": "milbona", "regular_price": 1.39, "selling_price": 1.39, "price_per_unit": "pro 1000ml |", "breadcrumb": "Sortiment > Sortiment > Vollmilch 3.5% pasteurisiert", "pdp_url": "https://sortiment.lidl.ch/de/vollmilch-3-5-pasteurisiert-5110077", "product_description": "Artikelnr.: 5110077"}
{"product_name": "Lyoner", "brand": "maestade", "regular_price": 1.79, "selling_price": 1.79, "price_per_unit": "pro 300g | 100g = 0.60 CHF", "breadcrumb": "Sortiment > Sortiment > Lyoner", "pdp_url": "https://sortiment.lidl.ch/de/lyoner-5110390", "product_description": "Artikelnr.: 5110390"}
{"product_name": "Ferrero Kinder Cards", "brand": "", "regular_price": 3.19, "selling_price": 3.19, "price_per_unit": "pro 128g | 100g = 2.50 CHF", "breadcrumb": "Sortiment > Sortiment > Ferrero Kinder Cards", "pdp_url": "https://sortiment.lidl.ch/de/ferrero-kinder-cards-0002892", "product_description": "Artikelnr.: 2892 *Konkurrenzvergleich:  24.08.2022"}
{"product_name": "Schweizer Salami am Stück", "brand": "maestade", "regular_price": 7.99, "selling_price": 7.99, "price_per_unit": "pro 600g | 100g = 1.34 CHF", "breadcrumb": "Sortiment > Sortiment > Schweizer Salami am Stück", "pdp_url": "https://sortiment.lidl.ch/de/schweizer-salami-am-stueck-5110442", "product_description": "Artikelnr.: 5110442"}
{"product_name": "Comfort Weichspüler", "brand": "comfort", "regular_price": 9.95, "selling_price": 9.95, "price_per_unit": "pro 2l | 1L = 4.98 CHF", "breadcrumb": "Sortiment > Sortiment > Comfort Weichspüler", "pdp_url": "https://sortiment.lidl.ch/de/comfort-weichspueler-0008641", "product_description": "Artikelnr.: 8641"}
{"product_name": "Teekanne Harmonietee", "brand": "", "regular_price": 2.95, "selling_price": 2.95, "price_per_unit": "pro 20x1,7g, 20x2g | 100g = 8.68, 7.38 CHF", "breadcrumb": "Sortiment > Sortiment > Teekanne Harmonietee", "pdp_url": "https://sortiment.lidl.ch/de/teekanne-harmonietee-0032080", "product_description": "Artikelnr.: 32080"}
{"product_name": "Geschälte Tomaten", "brand": "baresa", "regular_price": 1.29, "selling_price": 0.99, "price_per_unit": "pro 800g | 100g = 0.21 CHF", "breadcrumb": "Sortiment > Sortiment > Geschälte Tomaten", "pdp_url": "https://sortiment.lidl.ch/de/geschaelte-tomaten-0110541", "product_description": "Artikelnr.: 110541"}
{"product_name": "Mineralwasser", "brand": "saskia", "regular_price": 2.39, "selling_price": 2.39, "price_per_unit": "pro 9x0,5l | 1L = 0.54 CHF", "breadcrumb": "Sortiment > Sortiment > Mineralwasser", "pdp_url": "https://sortiment.lidl.ch/de/mineralwasser-0137493", "product_description": "Artikelnr.: 137493"}
{"product_name": "Hundesnacks Premium", "brand": "orlando", "regular_price": 2.49, "selling_price": 2.49, "price_per_unit": "pro 100g |", "breadcrumb": "Sortiment > Sortiment > Hundesnacks Premium", "pdp_url": "https://sortiment.lidl.ch/de/hundesnacks-premium-0158231", "product_description": "Artikelnr.: 158231"}
{"product_name": "Bündner Nusstorte", "brand": "deluxe", "regular_price": 5.99, "selling_price": 5.99, "price_per_unit": "pro 300g | 100g = 2.00 CHF", "breadcrumb": "Sortiment > Sortiment > Bündner Nusstorte", "pdp_url": "https://sortiment.lidl.ch/de/buendner-nusstorte-5108675", "product_description": "Artikelnr.: 5108675"}
{"product_name": "Langkornreis im Kochbeutel", "brand": "golden_sun", "regular_price": 1.99, "selling_price": 1.99, "price_per_unit": "pro 8x125g |", "breadcrumb": "Sortiment > Sortiment > Langkornreis im Kochbeutel", "pdp_url": "https://sortiment.lidl.ch/de/langkornreis-im-kochbeutel-0012590", "product_description": "Artikelnr.: 12590"}
{"product_name": "Big Sushi Set Salmon mix Box", "brand": "chef_select", "regular_price": 12.99, "selling_price": 12.99, "price_per_unit": "pro 379g, 434,5g | 100g = 3.43, 3.00, 259.80 CHF", "breadcrumb": "Sortiment > Sortiment > Big Sushi Set Salmon mix Box", "pdp_url": "https://sortiment.lidl.ch/de/big-sushi-set-salmon-mix-box-0168464", "product_description": "Artikelnr.: 168464"}
{"product_name": "Ice Tea", "brand": "solevita", "regular_price": 0.49, "selling_price": 0.49, "price_per_unit": "pro 0,5l | 1L = 0.98 CHF", "breadcrumb": "Sortiment > Sortiment > Ice Tea", "pdp_url": "https://sortiment.lidl.ch/de/ice-tea-0162465", "product_description": "Artikelnr.: 162465"}
{"product_name": "Peperoncini", "brand": "freshona", "regular_price": 1.35, "selling_price": 1.35, "price_per_unit": "pro 135g, 165g (Abtropfgewicht) | 100g = 1.00, 0.82 CHF", "breadcrumb": "Sortiment > Sortiment > Peperoncini", "pdp_url": "https://sortiment.lidl.ch/de/peperoncini-0105034", "product_description": "Artikelnr.: 105034"}
{"product_name": "Bio gehackte Tomaten classic", "brand": "baresa", "regular_price": 0.95, "selling_price": 0.95, "price_per_unit": "pro 400g | 100g = 0.24 CHF", "breadcrumb": "Sortiment > Sortiment > Bio gehackte Tomaten classic", "pdp_url": "https://sortiment.lidl.ch/de/bio-gehackte-tomaten-classic-0133303", "product_description": "Artikelnr.: 133303"}
{"product_name": "Pfirsiche halbe Frucht", "brand": "freshona", "regular_price": 1.49, "selling_price": 1.49, "price_per_unit": "pro 480g (Abtropfgewicht) | 100g = 0.32 CHF", "breadcrumb": "Sortiment > Sortiment > Pfirsiche halbe Frucht", "pdp_url": "https://sortiment.lidl.ch/de/pfirsiche-halbe-frucht-0029806", "product_description": "Artikelnr.: 29806"}
{"product_name": "High Protein Eisbecher", "brand": "gelatelli", "regular_price": 3.99, "selling_price": 3.99, "price_per_unit": "pro 500ml | 1L = 7.98 CHF", "breadcrumb": "Sortiment > Sortiment > High Protein Eisbecher", "pdp_url": "https://sortiment.lidl.ch/de/high-protein-eisbecher-0153580", "product_description": "Artikelnr.: 153580"}
{"product_name": "Grillbutter Rosetten", "brand": "milbona", "regular_price": 2.65, "selling_price": 2.65, "price_per_unit": "pro 60g | 100g = 4.42 CHF", "breadcrumb": "Sortiment > Sortiment > Grillbutter Rosetten", "pdp_url": "https://sortiment.lidl.ch/de/grillbutter-rosetten-5110247", "product_description": "Artikelnr.: 5110247"}
{"product_name": "Sojacrème", "brand": "vemondo", "regular_price": 1.99, "selling_price": 1.99, "price_per_unit": "pro 500g | 100g = 0.40 CHF", "breadcrumb": "Sortiment > Sortiment > Sojacrème", "pdp_url": "https://sortiment.lidl.ch/de/sojacreme-0165197", "product_description": "Artikelnr.: 165197"}
{"product_name": "Mortadella mit Pistazien", "brand": "deluxe", "regular_price": 2.99, "selling_price": 2.99, "price_per_unit": "pro 90g | 100g = 3.33 CHF", "breadcrumb": "Sortiment > Sortiment > Mortadella mit Pistazien", "pdp_url": "https://sortiment.lidl.ch/de/mortadella-mit-pistazien-5110411", "product_description": "Artikelnr.: 5110411"}
{"product_name": "Mostarda", "brand": "deluxe", "regular_price": 1.75, "selling_price": 1.75, "price_per_unit": "pro 78g | 100g = 2.25 CHF", "breadcrumb": "Sortiment > Sortiment > Mostarda", "pdp_url": "https://sortiment.lidl.ch/de/mostarda-5109002", "product_description": "Artikelnr.: 5109002"}
{"product_name": "Bio Hafer Cookies", "brand": "sondey", "regular_price": 2.29, "selling_price": 2.29, "price_per_unit": "pro 150g, 200g | 100g = 1.53, 1.15 CHF", "breadcrumb": "Sortiment > Sortiment > Bio Hafer Cookies", "pdp_url": "https://sortiment.lidl.ch/de/bio-hafer-cookies-0124569", "product_description": "Artikelnr.: 124569"}
{"product_name": "Toilettenpapier 3-lagig Recycling", "brand": "floralys", "regular_price": 5.95, "selling_price": 5.95, "price_per_unit": "pro 4000Blatt |", "breadcrumb": "Sortiment > Sortiment > Toilettenpapier 3-lagig Recycling", "pdp_url": "https://sortiment.lidl.ch/de/toilettenpapier-3-lagig-recycling-0055195", "product_description": "Artikelnr.: 55195"}
{"product_name": "Eliosoft Weichspüler 3l 100 WL", "brand": "", "regular_price": 2.25, "selling_price": 2.25, "price_per_unit": "pro 3l | 1L = 0.75 CHF", "breadcrumb": "Sortiment > Sortiment > Eliosoft Weichspüler 3l 100 WL", "pdp_url": "https://sortiment.lidl.ch/de/eliosoft-weichspueler-3l-100-wl-5100841", "product_description": "Artikelnr.: 5100841"}
{"product_name": "Ovomaltine Drink", "brand": "", "regular_price": 1.95, "selling_price": 1.95, "price_per_unit": "pro 250ml | 1L = 7.80 CHF", "breadcrumb": "Sortiment > Sortiment > Ovomaltine Drink", "pdp_url": "https://sortiment.lidl.ch/de/ovomaltine-drink-5110246", "product_description": "Artikelnr.: 5110246"}
{"product_name": "Nature Universalreiniger", "brand": "", "regular_price": 2.49, "selling_price": 2.49, "price_per_unit": "pro 1,5l | 1L = 1.66 CHF", "breadcrumb": "Sortiment > Sortiment > Nature Universalreiniger", "pdp_url": "https://sortiment.lidl.ch/de/nature-universalreiniger-0170904", "product_description": "Artikelnr.: 170904"}
{"product_name": "Premium Hundesnacks", "brand": "orlando", "regular_price": 1.35, "selling_price": 1.35, "price_per_unit": "pro 100g |", "breadcrumb": "Sortiment > Sortiment > Premium Hundesnacks", "pdp_url": "https://sortiment.lidl.ch/de/premium-hundesnacks-0055871", "product_description": "Artikelnr.: 55871"}
{"product_name": "Vegane Fruchtgummi sauer", "brand": "sweet_corner", "regular_price": 1.99, "selling_price": 1.99, "price_per_unit": "pro 350g | 100g = 0.57 CHF", "breadcrumb": "Sortiment > Sortiment > Vegane Fruchtgummi sauer", "pdp_url": "https://sortiment.lidl.ch/de/vegane-fruchtgummi-sauer-0163321", "product_description": "Artikelnr.: 163321"}
{"product_name": "Vegane Fruchtgummi Märchenwelt", "brand": "sweet_corner", "regular_price": 1.99, "selling_price": 1.99, "price_per_unit": "pro 350g | 100g = 0.57 CHF", "breadcrumb": "Sortiment > Sortiment > Vegane Fruchtgummi Märchenwelt", "pdp_url": "https://sortiment.lidl.ch/de/vegane-fruchtgummi-maerchenwelt-0163320", "product_description": "Artikelnr.: 163320"}
{"product_name": "Ovomaltine Ovo Rocks Snack", "brand": "", "regular_price": 4.15, "selling_price": 4.15, "price_per_unit": "pro 120g | 100g = 3.46 CHF", "breadcrumb": "Sortiment > Sortiment > Ovomaltine Ovo Rocks Snack", "pdp_url": "https://sortiment.lidl.ch/de/ovomaltine-ovo-rocks-snack-5110245", "product_description": "Artikelnr.: 5110245"}
{"product_name": "Ovomaltine Crunchy Tafelschokolade", "brand": "", "regular_price": 2.69, "selling_price": 2.69, "price_per_unit": "pro 100g |", "breadcrumb": "Sortiment > Sortiment > Ovomaltine Crunchy Tafelschokolade", "pdp_url": "https://sortiment.lidl.ch/de/ovomaltine-crunchy-tafelschokolade-5110242", "product_description": "Artikelnr.: 5110242"}
{"product_name": "Datteln Medjoul", "brand": "deluxe", "regular_price": 2.69, "selling_price": 2.69, "price_per_unit": "pro 180g | 100g = 1.50 CHF", "breadcrumb": "Sortiment > Sortiment > Datteln Medjoul", "pdp_url": "https://sortiment.lidl.ch/de/datteln-medjoul-0029763", "product_description": "Artikelnr.: 29763"}
{"product_name": "Ovomaltine Petit Beurre", "brand": "", "regular_price": 4.19, "selling_price": 4.19, "price_per_unit": "pro 145g | 100g = 2.89 CHF", "breadcrumb": "Sortiment > Sortiment > Ovomaltine Petit Beurre", "pdp_url": "https://sortiment.lidl.ch/de/ovomaltine-petit-beurre-5110244", "product_description": "Artikelnr.: 5110244"}
{"product_name": "Ovomaltine Crunchy Biscuit", "brand": "", "regular_price": 4.19, "selling_price": 4.19, "price_per_unit": "pro 250g | 100g = 1.68 CHF", "breadcrumb": "Sortiment > Sortiment > Ovomaltine Crunchy Biscuit", "pdp_url": "https://sortiment.lidl.ch/de/ovomaltine-crunchy-biscuit-5110243", "product_description": "Artikelnr.: 5110243"}
{"product_name": "Vogelnestli", "brand": "sondey", "regular_price": 2.99, "selling_price": 2.99, "price_per_unit": "pro 225g | 100g = 1.33 CHF", "breadcrumb": "Sortiment > Sortiment > Vogelnestli", "pdp_url": "https://sortiment.lidl.ch/de/vogelnestli-0167773", "product_description": "Artikelnr.: 167773"}
{"product_name": "Spitzbuben", "brand": "sondey", "regular_price": 2.79, "selling_price": 2.79, "price_per_unit": "pro 200g | 100g = 1.40 CHF", "breadcrumb": "Sortiment > Sortiment > Spitzbuben", "pdp_url": "https://sortiment.lidl.ch/de/spitzbuben-0154573", "product_description": "Artikelnr.: 154573"}
{"product_name": "Biskuits", "brand": "sondey", "regular_price": 1.75, "selling_price": 1.75, "price_per_unit": "pro 175g | 100g = 1.00 CHF", "breadcrumb": "Sortiment > Sortiment > Biskuits", "pdp_url": "https://sortiment.lidl.ch/de/biskuits-0152548", "product_description": "Artikelnr.: 152548"}
{"product_name": "Rote Kidney-Bohnen", "brand": "freshona", "regular_price": 2.49, "selling_price": 2.49, "price_per_unit": "pro 390g (Abtropfgewicht) | 100g = 0.64 CHF", "breadcrumb": "Sortiment > Sortiment > Rote Kidney-Bohnen", "pdp_url": "https://sortiment.lidl.ch/de/rote-kidney-bohnen-0164723", "product_description": "Artikelnr.: 164723"}
{"product_name": "Tomatenketchup", "brand": "kania", "regular_price": 1.19, "selling_price": 1.19, "price_per_unit": "pro 1000g |", "breadcrumb": "Sortiment > Sortiment > Tomatenketchup", "pdp_url": "https://sortiment.lidl.ch/de/tomatenketchup-6906368", "product_description": "Artikelnr.: 6906368"}
{"product_name": "Bio Mandeldrink ohne Zucker", "brand": "vemondo", "regular_price": 1.59, "selling_price": 1.59, "price_per_unit": "pro 1l |", "breadcrumb": "Sortiment > Sortiment > Bio Mandeldrink ohne Zucker", "pdp_url": "https://sortiment.lidl.ch/de/bio-mandeldrink-ohne-zucker-6011335", "product_description": "Artikelnr.: 6011335"}
{"product_name": "Mega-Hamburger", "brand": "bonvalle", "regular_price": 5.49, "selling_price": 5.49, "price_per_unit": "pro 2x150g | 100g = 1.83 CHF", "breadcrumb": "Sortiment > Sortiment > Mega-Hamburger", "pdp_url": "https://sortiment.lidl.ch/de/mega-hamburger-5109920", "product_description": "Artikelnr.: 5109920"}
{"product_name": "Protein Bar vegan 26% Protein", "brand": "", "regular_price": 1.49, "selling_price": 1.49, "price_per_unit": "pro 40g | 100g = 3.73 CHF", "breadcrumb": "Sortiment > Sortiment > Protein Bar vegan 26% Protein", "pdp_url": "https://sortiment.lidl.ch/de/protein-bar-vegan-26-protein-7708699", "product_description": "Artikelnr.: 7708699"}
{"product_name": "Grüne Oliven gefüllt", "brand": "baresa", "regular_price": 1.39, "selling_price": 1.39, "price_per_unit": "pro 200g (Abtropfgewicht) | 100g = 0.70 CHF", "breadcrumb": "Sortiment > Sortiment > Grüne Oliven gefüllt", "pdp_url": "https://sortiment.lidl.ch/de/gruene-oliven-gefuellt-5714071", "product_description": "Artikelnr.: 5714071"}
{"product_name": "Maccheroni al ferretto", "brand": "italiamo", "regular_price": 1.79, "selling_price": 1.79, "price_per_unit": "pro 500g | 100g = 0.36 CHF", "breadcrumb": "Sortiment > Sortiment > Maccheroni al ferretto", "pdp_url": "https://sortiment.lidl.ch/de/maccheroni-al-ferretto-6000313", "product_description": "Artikelnr.: 6000313"}
{"product_name": "Bio Feta AOP", "brand": "milbona", "regular_price": 2.89, "selling_price": 2.89, "price_per_unit": "pro 200g | 100g = 1.45 CHF", "breadcrumb": "Sortiment > Sortiment > Bio Feta AOP", "pdp_url": "https://sortiment.lidl.ch/de/bio-feta-aop-0165948", "product_description": "Artikelnr.: 165948"}
{"product_name": "Bio Parmigiano Reggiano DOP", "brand": "milbona", "regular_price": 5.35, "selling_price": 5.35, "price_per_unit": "pro 200g | 100g = 2.68 CHF", "breadcrumb": "Sortiment > Sortiment > Bio Parmigiano Reggiano DOP", "pdp_url": "https://sortiment.lidl.ch/de/bio-parmigiano-reggiano-dop-6003620", "product_description": "Artikelnr.: 6003620"}
{"product_name": "Grüne Oliven gefüllt", "brand": "freshona", "regular_price": 2.99, "selling_price": 2.99, "price_per_unit": "pro 200g (Abtropfgewicht) | 100g = 1.50 CHF", "breadcrumb": "Sortiment > Sortiment > Grüne Oliven gefüllt", "pdp_url": "https://sortiment.lidl.ch/de/gruene-oliven-gefuellt-6208495", "product_description": "Artikelnr.: 6208495"}
{"product_name": "Asiamix / Thaimix", "brand": "freshona", "regular_price": 4.69, "selling_price": 4.69, "price_per_unit": "pro 600g | 100g = 0.79 CHF", "breadcrumb": "Sortiment > Sortiment > Asiamix / Thaimix", "pdp_url": "https://sortiment.lidl.ch/de/asiamix-thaimix-5109609", "product_description": "Artikelnr.: 5109609"}
{"product_name": "Magerquark", "brand": "milbona", "regular_price": 1.25, "selling_price": 1.25, "price_per_unit": "pro 500g | 100g = 0.25 CHF", "breadcrumb": "Sortiment > Sortiment > Magerquark", "pdp_url": "https://sortiment.lidl.ch/de/magerquark-5106470", "product_description": "Artikelnr.: 5106470"}
{"product_name": "Italienisches Olivenöl", "brand": "primadonna", "regular_price": 6.99, "selling_price": 6.99, "price_per_unit": "pro 500ml | 1L = 13.98 CHF", "breadcrumb": "Sortiment > Sortiment > Italienisches Olivenöl", "pdp_url": "https://sortiment.lidl.ch/de/italienisches-olivenoel-0011205", "product_description": "Artikelnr.: 11205"}
{"product_name": "ASC Norwegischer Räucherlachs", "brand": "", "regular_price": 2.99, "selling_price": 2.99, "price_per_unit": "pro 100g |", "breadcrumb": "Sortiment > Sortiment > ASC Norwegischer Räucherlachs", "pdp_url": "https://sortiment.lidl.ch/de/asc-norwegischer-raeucherlachs-0148423", "product_description": "Artikelnr.: 148423"}
{"product_name": "Bio Eier", "brand": "", "regular_price": 4.99, "selling_price": 4.99, "price_per_unit": "pro 10 Stück | 1 Stk = 0.50 CHF", "breadcrumb": "Sortiment > Sortiment > Bio Eier", "pdp_url": "https://sortiment.lidl.ch/de/bio-eier-7710846", "product_description": "Artikelnr.: 7710846"}
{"product_name": "Cinderella Salat", "brand": "chef_select", "regular_price": 1.99, "selling_price": 1.99, "price_per_unit": "pro 250g | 100g = 0.80 CHF", "breadcrumb": "Sortiment > Sortiment > Cinderella Salat", "pdp_url": "https://sortiment.lidl.ch/de/cinderella-salat-5110137", "product_description": "Artikelnr.: 5110137"}
{"product_name": "Bio Apfelmus", "brand": "freshona", "regular_price": 1.15, "selling_price": 1.15, "price_per_unit": "pro 370ml | 100g = 0.33 CHF", "breadcrumb": "Sortiment > Sortiment > Bio Apfelmus", "pdp_url": "https://sortiment.lidl.ch/de/bio-apfelmus-0119340", "product_description": "Artikelnr.: 119340"}
{"product_name": "Bio Snack Rüebli 200g", "brand": "bio_organic", "regular_price": 1.59, "selling_price": 1.59, "price_per_unit": "pro 200g | 100g = 0.80 CHF", "breadcrumb": "Sortiment > Sortiment > Bio Snack Rüebli 200g", "pdp_url": "https://sortiment.lidl.ch/de/bio-snack-rueebli-200g-0084449", "product_description": "Artikelnr.: 84449"}
{"product_name": "All in 1 Reiniger-Tabs", "brand": "w5", "regular_price": 4.95, "selling_price": 4.95, "price_per_unit": "pro 50 Stück | 1 Stk = 0.10 CHF", "breadcrumb": "Sortiment > Sortiment > All in 1 Reiniger-Tabs", "pdp_url": "https://sortiment.lidl.ch/de/all-in-1-reiniger-tabs-0162825", "product_description": "Artikelnr.: 162825"}
{"product_name": "Cevapcici vom Rind", "brand": "bonvalle", "regular_price": 4.99, "selling_price": 4.99, "price_per_unit": "pro 350g | 100g = 1.43 CHF", "breadcrumb": "Sortiment > Sortiment > Cevapcici vom Rind", "pdp_url": "https://sortiment.lidl.ch/de/cevapcici-vom-rind-5109936", "product_description": "Artikelnr.: 5109936"}
{"product_name": "Pasta trafilata al bronzo", "brand": "combino", "regular_price": 1.19, "selling_price": 1.19, "price_per_unit": "pro 500g | 100g = 0.24 CHF", "breadcrumb": "Sortiment > Sortiment > Pasta trafilata al bronzo", "pdp_url": "https://sortiment.lidl.ch/de/pasta-trafilata-al-bronzo-0138846", "product_description": "Artikelnr.: 138846"}
{"product_name": "Crunchy Müesli", "brand": "crownfield", "regular_price": 3.59, "selling_price": 3.59, "price_per_unit": "pro 500g | 100g = 0.72 CHF", "breadcrumb": "Sortiment > Sortiment > Crunchy Müesli", "pdp_url": "https://sortiment.lidl.ch/de/crunchy-mueesli-0166796", "product_description": "Artikelnr.: 166796"}
{"product_name": "MSC Cocktailcrevetten", "brand": "ocean_sea", "regular_price": 3.79, "selling_price": 3.79, "price_per_unit": "pro 300g | 100g = 1.41 CHF", "breadcrumb": "Sortiment > Sortiment > MSC Cocktailcrevetten", "pdp_url": "https://sortiment.lidl.ch/de/msc-cocktailcrevetten-0170580", "product_description": "Artikelnr.: 170580"}
{"product_name": "Nature's Best Körperbutter", "brand": "cien", "regular_price": 4.99, "selling_price": 4.99, "price_per_unit": "pro 200ml | 100ML = 2.50 CHF", "breadcrumb": "Sortiment > Sortiment > Nature's Best Körperbutter", "pdp_url": "https://sortiment.lidl.ch/de/nature-s-best-koerperbutter-0171237", "product_description": "Artikelnr.: 171237"}
{"product_name": "Nature's Best Spülung", "brand": "cien", "regular_price": 4.99, "selling_price": 4.99, "price_per_unit": "pro 400ml | 100ML = 1.25 CHF", "breadcrumb": "Sortiment > Sortiment > Nature's Best Spülung", "pdp_url": "https://sortiment.lidl.ch/de/nature-s-best-spuelung-0171205", "product_description": "Artikelnr.: 171205"}
{"product_name": "Marroni geschält", "brand": "freshona", "regular_price": 5.99, "selling_price": 5.99, "price_per_unit": "pro 450g | 100g = 1.34 CHF", "breadcrumb": "Sortiment > Sortiment > Marroni geschält", "pdp_url": "https://sortiment.lidl.ch/de/marroni-geschaelt-5109610", "product_description": "Artikelnr.: 5109610"}
{"product_name": "Rio Mare MSC Thunfisch in Öl / Natur", "brand": "", "regular_price": 7.99, "selling_price": 7.99, "price_per_unit": "pro 320g (Abtropfgewicht) | 100g = 2.50 CHF", "breadcrumb": "Sortiment > Sortiment > Rio Mare MSC Thunfisch in Öl / Natur", "pdp_url": "https://sortiment.lidl.ch/de/rio-mare-msc-thunfisch-in-oel-natur-5109900", "product_description": "Artikelnr.: 5109900"}
{"product_name": "Salatcroûtons", "brand": "kania", "regular_price": 1.65, "selling_price": 1.65, "price_per_unit": "pro 100g |", "breadcrumb": "Sortiment > Sortiment > Salatcroûtons", "pdp_url": "https://sortiment.lidl.ch/de/salatcroutons-0022485", "product_description": "Artikelnr.: 22485"}
{"product_name": "Prosciutto di San Daniele", "brand": "dulano_selection", "regular_price": 4.75, "selling_price": 4.75, "price_per_unit": "pro 90g | 100g = 5.28 CHF", "breadcrumb": "Sortiment > Sortiment > Prosciutto di San Daniele", "pdp_url": "https://sortiment.lidl.ch/de/prosciutto-di-san-daniele-6001418", "product_description": "Artikelnr.: 6001418"}
{"product_name": "Getrocknete Mango", "brand": "alesto", "regular_price": 2.49, "selling_price": 2.49, "price_per_unit": "pro 125g | 100g = 2.00 CHF", "breadcrumb": "Sortiment > Sortiment > Getrocknete Mango", "pdp_url": "https://sortiment.lidl.ch/de/getrocknete-mango-0148837", "product_description": "Artikelnr.: 148837"}
{"product_name": "Aceto Balsamico di Modena IGP", "brand": "deluxe", "regular_price": 4.49, "selling_price": 4.49, "price_per_unit": "pro 250ml | 1L = 17.96 CHF", "breadcrumb": "Sortiment > Sortiment > Aceto Balsamico di Modena IGP", "pdp_url": "https://sortiment.lidl.ch/de/aceto-balsamico-di-modena-igp-0099168", "product_description": "Artikelnr.: 99168"}
{"product_name": "Familienpizza", "brand": "chef_select", "regular_price": 5.89, "selling_price": 5.89, "price_per_unit": "pro 1000g, 1100g | 100g = 0.59, 0.54 CHF", "breadcrumb": "Sortiment > Sortiment > Familienpizza", "pdp_url": "https://sortiment.lidl.ch/de/familienpizza-0167064", "product_description": "Artikelnr.: 167064"}
{"product_name": "Prosciutto di Parma", "brand": "dulano_selection", "regular_price": 4.79, "selling_price": 4.79, "price_per_unit": "pro 90g | 100g = 5.33 CHF", "breadcrumb": "Sortiment > Sortiment > Prosciutto di Parma", "pdp_url": "https://sortiment.lidl.ch/de/prosciutto-di-parma-6000752", "product_description": "Artikelnr.: 6000752"}
{"product_name": "Steam Brew Craft Bier", "brand": "", "regular_price": 1.19, "selling_price": 1.19, "price_per_unit": "pro 0,5l | 1L = 2.38 CHF", "breadcrumb": "Sortiment > Sortiment > Steam Brew Craft Bier", "pdp_url": "https://sortiment.lidl.ch/de/steam-brew-craft-bier-0149433", "product_description": "Artikelnr.: 149433"}
{"product_name": "Chili Sauce", "brand": "kania", "regular_price": 1.49, "selling_price": 1.49, "price_per_unit": "pro 250ml | 1L = 5.96 CHF", "breadcrumb": "Sortiment > Sortiment > Chili Sauce", "pdp_url": "https://sortiment.lidl.ch/de/chili-sauce-6607667", "product_description": "Artikelnr.: 6607667"}
{"product_name": "Geschirrspülmittel", "brand": "", "regular_price": 1.99, "selling_price": 1.99, "price_per_unit": "pro 500ml | 1L = 3.98 CHF", "breadcrumb": "Sortiment > Sortiment > Geschirrspülmittel", "pdp_url": "https://sortiment.lidl.ch/de/geschirrspuelmittel-0157353", "product_description": "Artikelnr.: 157353"}
{"product_name": "High Protein Brot", "brand": "", "regular_price": 2.29, "selling_price": 2.29, "price_per_unit": "pro 200g, 250g, 260g | 100g = 1.15, 0.92, 0.89 CHF", "breadcrumb": "Sortiment > Sortiment > High Protein Brot", "pdp_url": "https://sortiment.lidl.ch/de/high-protein-brot-0136073", "product_description": "Artikelnr.: 136073"}
{"product_name": "Freixenet Carta Nevada", "brand": "", "regular_price": 9.75, "selling_price": 9.75, "price_per_unit": "pro 0,75l | 1L = 13.00 CHF", "breadcrumb": "Sortiment > Sortiment > Freixenet Carta Nevada", "pdp_url": "https://sortiment.lidl.ch/de/freixenet-carta-nevada-0007533", "product_description": "Artikelnr.: 7533"}
{"product_name": "Waschmittel Doypack", "brand": "", "regular_price": 3.99, "selling_price": 3.99, "price_per_unit": "pro 2,2l | 1L = 1.82 CHF", "breadcrumb": "Sortiment > Sortiment > Waschmittel Doypack", "pdp_url": "https://sortiment.lidl.ch/de/waschmittel-doypack-0156200", "product_description": "Artikelnr.: 156200"}
{"product_name": "Pastagerichte", "brand": "chef_select", "regular_price": 2.79, "selling_price": 2.79, "price_per_unit": "pro 400g | 100g = 0.70 CHF", "breadcrumb": "Sortiment > Sortiment > Pastagerichte", "pdp_url": "https://sortiment.lidl.ch/de/pastagerichte-0161221", "product_description": "Artikelnr.: 161221"}
{"product_name": "Sbrinz AOP Möckli", "brand": "", "regular_price": 3.49, "selling_price": 3.49, "price_per_unit": "pro 100g |", "breadcrumb": "Sortiment > Sortiment > Sbrinz AOP Möckli", "pdp_url": "https://sortiment.lidl.ch/de/sbrinz-aop-moeckli-5110090", "product_description": "Artikelnr.: 5110090"}
{"product_name": "Bio Crunchy Joghurt", "brand": "milbona", "regular_price": 1.99, "selling_price": 1.99, "price_per_unit": "pro 225g | 100g = 0.89 CHF", "breadcrumb": "Sortiment > Sortiment > Bio Crunchy Joghurt", "pdp_url": "https://sortiment.lidl.ch/de/bio-crunchy-joghurt-5109764", "product_description": "Artikelnr.: 5109764"}
{"product_name": "Crispy Chicken", "brand": "", "regular_price": 4.99, "selling_price": 4.99, "price_per_unit": "pro 270g, 325g | 100g = 1.85, 1.54 CHF", "breadcrumb": "Sortiment > Sortiment > Crispy Chicken", "pdp_url": "https://sortiment.lidl.ch/de/crispy-chicken-0142694", "product_description": "Artikelnr.: 142694"}
{"product_name": "Pfannengerichte", "brand": "culinea", "regular_price": 3.95, "selling_price": 3.95, "price_per_unit": "pro 750g | 100g = 0.53 CHF", "breadcrumb": "Sortiment > Sortiment > Pfannengerichte", "pdp_url": "https://sortiment.lidl.ch/de/pfannengerichte-0012045", "product_description": "Artikelnr.: 12045"}
{"product_name": "Real Thai Kokosnussmilch", "brand": "", "regular_price": 2.39, "selling_price": 2.39, "price_per_unit": "pro 250ml | 1L = 9.56 CHF", "breadcrumb": "Sortiment > Sortiment > Real Thai Kokosnussmilch", "pdp_url": "https://sortiment.lidl.ch/de/real-thai-kokosnussmilch-5109740", "product_description": "Artikelnr.: 5109740"}
{"product_name": "Lien Ying Sesamöl", "brand": "", "regular_price": 2.99, "selling_price": 2.99, "price_per_unit": "pro 100ml |", "breadcrumb": "Sortiment > Sortiment > Lien Ying Sesamöl", "pdp_url": "https://sortiment.lidl.ch/de/lien-ying-sesamoel-5109747", "product_description": "Artikelnr.: 5109747"}
{"product_name": "Real Thai Curry Paste", "brand": "", "regular_price": 3.95, "selling_price": 3.95, "price_per_unit": "pro 227g | 100g = 1.75 CHF", "breadcrumb": "Sortiment > Sortiment > Real Thai Curry Paste", "pdp_url": "https://sortiment.lidl.ch/de/real-thai-curry-paste-5109745", "product_description": "Artikelnr.: 5109745"}
{"product_name": "Appenzeller extra", "brand": "", "regular_price": 4.29, "selling_price": 4.29, "price_per_unit": "pro 200g | 100g = 2.15 CHF", "breadcrumb": "Sortiment > Sortiment > Appenzeller extra", "pdp_url": "https://sortiment.lidl.ch/de/appenzeller-extra-5103874", "product_description": "Artikelnr.: 5103874"}
{"product_name": "Coppa", "brand": "deluxe", "regular_price": 4.99, "selling_price": 3.49, "price_per_unit": "pro 80g | 100g = 4.37 CHF", "breadcrumb": "Sortiment > Sortiment > Coppa", "pdp_url": "https://sortiment.lidl.ch/de/coppa-0161607", "product_description": "Artikelnr.: 161607"}
{"product_name": "Jamon Ibérico 24 Monate gereift", "brand": "deluxe", "regular_price": 7.99, "selling_price": 7.99, "price_per_unit": "pro 80g | 100g = 9.99 CHF", "breadcrumb": "Sortiment > Sortiment > Jamon Ibérico 24 Monate gereift", "pdp_url": "https://sortiment.lidl.ch/de/jamon-iberico-24-monate-gereift-0150970", "product_description": "Artikelnr.: 150970"}
{"product_name": "Kochspeck geräuchert", "brand": "maestade", "regular_price": 1.49, "selling_price": 1.49, "price_per_unit": "pro 100g, ca. 600-1000g |", "breadcrumb": "Sortiment > Sortiment > Kochspeck geräuchert", "pdp_url": "https://sortiment.lidl.ch/de/kochspeck-geraeuchert-5109197", "product_description": "Artikelnr.: 5109197"}
{"product_name": "Bio Weiderind Siedefleisch", "brand": "bonvalle", "regular_price": 2.99, "selling_price": 2.99, "price_per_unit": "pro 100g, ca. 600-1000g |", "breadcrumb": "Sortiment > Sortiment > Bio Weiderind Siedefleisch", "pdp_url": "https://sortiment.lidl.ch/de/bio-weiderind-siedefleisch-5109968", "product_description": "Artikelnr.: 5109968"}
{"product_name": "Bio Weiderind Médaillons", "brand": "bonvalle", "regular_price": 6.99, "selling_price": 6.99, "price_per_unit": "pro 100g, ca. 180-220g |", "breadcrumb": "Sortiment > Sortiment > Bio Weiderind Médaillons", "pdp_url": "https://sortiment.lidl.ch/de/bio-weiderind-medaillons-5109963", "product_description": "Artikelnr.: 5109963"}
{"product_name": "Bio Weiderind Entrecôte", "brand": "bonvalle", "regular_price": 5.99, "selling_price": 5.99, "price_per_unit": "pro 100g, ca. 180-220g |", "breadcrumb": "Sortiment > Sortiment > Bio Weiderind Entrecôte", "pdp_url": "https://sortiment.lidl.ch/de/bio-weiderind-entrecote-5109961", "product_description": "Artikelnr.: 5109961"}
{"product_name": "Bio Weiderind Filet Médaillons", "brand": "bonvalle", "regular_price": 9.99, "selling_price": 9.99, "price_per_unit": "pro 100g, ca. 120-250g |", "breadcrumb": "Sortiment > Sortiment > Bio Weiderind Filet Médaillons", "pdp_url": "https://sortiment.lidl.ch/de/bio-weiderind-filet-medaillons-5109960", "product_description": "Artikelnr.: 5109960"}
{"product_name": "Schweinsfilet", "brand": "bonvalle", "regular_price": 2.99, "selling_price": 2.99, "price_per_unit": "pro 100g, ca. 400-600g |", "breadcrumb": "Sortiment > Sortiment > Schweinsfilet", "pdp_url": "https://sortiment.lidl.ch/de/schweinsfilet-5109977", "product_description": "Artikelnr.: 5109977"}
{"product_name": "Silberzwiebeln", "brand": "freshona", "regular_price": 0.99, "selling_price": 0.99, "price_per_unit": "pro 200g (Abtropfgewicht) | 100g = 0.50 CHF", "breadcrumb": "Sortiment > Sortiment > Silberzwiebeln", "pdp_url": "https://sortiment.lidl.ch/de/silberzwiebeln-5109412", "product_description": "Artikelnr.: 5109412"}
{"product_name": "Bio natives Kokosnussöl", "brand": "vita_dor", "regular_price": 6.69, "selling_price": 6.69, "price_per_unit": "pro 450ml | 1L = 14.87 CHF", "breadcrumb": "Sortiment > Sortiment > Bio natives Kokosnussöl", "pdp_url": "https://sortiment.lidl.ch/de/bio-natives-kokosnussoel-0132302", "product_description": "Artikelnr.: 132302"}
{"product_name": "Bio Bifidus Naturjoghurt 3.5%", "brand": "milbona", "regular_price": 1.49, "selling_price": 1.49, "price_per_unit": "pro 500g | 100g = 0.30 CHF", "breadcrumb": "Sortiment > Sortiment > Bio Bifidus Naturjoghurt 3.5%", "pdp_url": "https://sortiment.lidl.ch/de/bio-bifidus-naturjoghurt-3-5-5109758", "product_description": "Artikelnr.: 5109758"}
{"product_name": "Schweizer Terra Natura Eier", "brand": "", "regular_price": 2.97, "selling_price": 2.97, "price_per_unit": "pro 6 Stück | 1 Stk = 0.50 CHF", "breadcrumb": "Sortiment > Sortiment > Schweizer Terra Natura Eier", "pdp_url": "https://sortiment.lidl.ch/de/schweizer-terra-natura-eier-5108814", "product_description": "Artikelnr.: 5108814"}
{"product_name": "Bio Rohriegel", "brand": "alesto", "regular_price": 0.99, "selling_price": 0.99, "price_per_unit": "pro 30g | 100g = 3.30 CHF", "breadcrumb": "Sortiment > Sortiment > Bio Rohriegel", "pdp_url": "https://sortiment.lidl.ch/de/bio-rohriegel-7202195", "product_description": "Artikelnr.: 7202195"}
{"product_name": "Edelnussmischung", "brand": "alesto", "regular_price": 3.95, "selling_price": 3.95, "price_per_unit": "pro 150g | 100g = 2.64 CHF", "breadcrumb": "Sortiment > Sortiment > Edelnussmischung", "pdp_url": "https://sortiment.lidl.ch/de/edelnussmischung-0150378", "product_description": "Artikelnr.: 150378"}
{"product_name": "Bio Birnen 500g", "brand": "bio_organic", "regular_price": 2.99, "selling_price": 2.99, "price_per_unit": "pro 500g | 1Kg = 5.98 CHF", "breadcrumb": "Sortiment > Sortiment > Bio Birnen 500g", "pdp_url": "https://sortiment.lidl.ch/de/bio-birnen-500g-0081580", "product_description": "Artikelnr.: 81580"}
{"product_name": "Gran Selone Premium Collection", "brand": "", "regular_price": 6.99, "selling_price": 6.99, "price_per_unit": "pro 0,75l | 1L = 9.32 CHF", "breadcrumb": "Sortiment > Sortiment > Gran Selone Premium Collection", "pdp_url": "https://sortiment.lidl.ch/de/gran-selone-premium-collection-0163947", "product_description": "Artikelnr.: 163947"}
{"product_name": "Black Angus Bresaola", "brand": "deluxe", "regular_price": 6.99, "selling_price": 6.99, "price_per_unit": "pro 80g | 100g = 8.74 CHF", "breadcrumb": "Sortiment > Sortiment > Black Angus Bresaola", "pdp_url": "https://sortiment.lidl.ch/de/black-angus-bresaola-6000433", "product_description": "Artikelnr.: 6000433"}
{"product_name": "Bio Tee", "brand": "lord_nelson", "regular_price": 1.09, "selling_price": 1.09, "price_per_unit": "pro 20x2g | 100g = 2.73 CHF", "breadcrumb": "Sortiment > Sortiment > Bio Tee", "pdp_url": "https://sortiment.lidl.ch/de/bio-tee-0123257", "product_description": "Artikelnr.: 123257"}
{"product_name": "Tilsiter mild-aromatisch", "brand": "fromani", "regular_price": 4.19, "selling_price": 4.19, "price_per_unit": "pro 225g | 100g = 1.87 CHF", "breadcrumb": "Sortiment > Sortiment > Tilsiter mild-aromatisch", "pdp_url": "https://sortiment.lidl.ch/de/tilsiter-mild-aromatisch-5109791", "product_description": "Artikelnr.: 5109791"}
{"product_name": "Schweizer Bio Eier", "brand": "", "regular_price": 4.69, "selling_price": 4.69, "price_per_unit": "pro 6 Stück | 1 Stk = 0.79 CHF", "breadcrumb": "Sortiment > Sortiment > Schweizer Bio Eier", "pdp_url": "https://sortiment.lidl.ch/de/schweizer-bio-eier-5108813", "product_description": "Artikelnr.: 5108813"}
{"product_name": "Rehpfeffer", "brand": "chef_select", "regular_price": 9.95, "selling_price": 9.95, "price_per_unit": "pro 350g | 100g = 2.85 CHF", "breadcrumb": "Sortiment > Sortiment > Rehpfeffer", "pdp_url": "https://sortiment.lidl.ch/de/rehpfeffer-5103960", "product_description": "Artikelnr.: 5103960"}
{"product_name": "Ribera del Duero Crianza DO", "brand": "", "regular_price": 6.95, "selling_price": 6.95, "price_per_unit": "pro 0,75l | 1L = 9.27 CHF", "breadcrumb": "Sortiment > Sortiment > Ribera del Duero Crianza DO", "pdp_url": "https://sortiment.lidl.ch/de/ribera-del-duero-crianza-do-0136569", "product_description": "Artikelnr.: 136569"}
{"product_name": "Pure Taste Hundetrockenfutter", "brand": "orlando", "regular_price": 4.95, "selling_price": 4.95, "price_per_unit": "pro 1,5kg | 1Kg = 3.30 CHF", "breadcrumb": "Sortiment > Sortiment > Pure Taste Hundetrockenfutter", "pdp_url": "https://sortiment.lidl.ch/de/pure-taste-hundetrockenfutter-0141821", "product_description": "Artikelnr.: 141821"}
{"product_name": "Pure Taste Katzentrockennahrung", "brand": "coshida", "regular_price": 2.49, "selling_price": 2.49, "price_per_unit": "pro 400g | 100g = 0.63 CHF", "breadcrumb": "Sortiment > Sortiment > Pure Taste Katzentrockennahrung", "pdp_url": "https://sortiment.lidl.ch/de/pure-taste-katzentrockennahrung-0141827", "product_description": "Artikelnr.: 141827"}
{"product_name": "Sodaworld CO2 Tauschzyl. blau", "brand": "", "regular_price": 17.49, "selling_price": 17.49, "price_per_unit": "pro 425g |", "breadcrumb": "Sortiment > Sortiment > Sodaworld CO2 Tauschzyl. blau", "pdp_url": "https://sortiment.lidl.ch/de/sodaworld-co2-tauschzyl-blau-5108662", "product_description": "Artikelnr.: 5108662"}
{"product_name": "MSC Miesmuscheln", "brand": "fishers_choice", "regular_price": 6.99, "selling_price": 6.99, "price_per_unit": "pro 1000g |", "breadcrumb": "Sortiment > Sortiment > MSC Miesmuscheln", "pdp_url": "https://sortiment.lidl.ch/de/msc-miesmuscheln-6503410", "product_description": "Artikelnr.: 6503410"}
{"product_name": "Rehrücken", "brand": "carnesi", "regular_price": 7.99, "selling_price": 7.99, "price_per_unit": "pro 100g, ca. 200g-300g |", "breadcrumb": "Sortiment > Sortiment > Rehrücken", "pdp_url": "https://sortiment.lidl.ch/de/rehruecken-0003322", "product_description": "Artikelnr.: 3322"}
{"product_name": "Rothirschschnitzel nature", "brand": "carnesi", "regular_price": 7.89, "selling_price": 7.89, "price_per_unit": "pro 2x100g | 100g = 3.95 CHF", "breadcrumb": "Sortiment > Sortiment > Rothirschschnitzel nature", "pdp_url": "https://sortiment.lidl.ch/de/rothirschschnitzel-nature-0001842", "product_description": "Artikelnr.: 1842"}
{"product_name": "Rippli vom Nierstück", "brand": "", "regular_price": 2.49, "selling_price": 2.49, "price_per_unit": "pro 100g, ca. 400-600g |", "breadcrumb": "Sortiment > Sortiment > Rippli vom Nierstück", "pdp_url": "https://sortiment.lidl.ch/de/rippli-vom-nierstueck-5109918", "product_description": "Artikelnr.: 5109918"}
{"product_name": "Poulet Innenfilet-Spiessl", "brand": "bonvalle", "regular_price": 7.99, "selling_price": 7.99, "price_per_unit": "pro 335g | 100g = 2.39 CHF", "breadcrumb": "Sortiment > Sortiment > Poulet Innenfilet-Spiessl", "pdp_url": "https://sortiment.lidl.ch/de/poulet-innenfilet-spiessl-5109048", "product_description": "Artikelnr.: 5109048"}
{"product_name": "Pouletbrust Geschnetzeltes", "brand": "carnesi", "regular_price": 7.99, "selling_price": 7.99, "price_per_unit": "pro 700g | 100g = 1.15 CHF", "breadcrumb": "Sortiment > Sortiment > Pouletbrust Geschnetzeltes", "pdp_url": "https://sortiment.lidl.ch/de/pouletbrust-geschnetzeltes-0158796", "product_description": "Artikelnr.: 158796"}
{"product_name": "Pouletbrust", "brand": "carnesi", "regular_price": 7.99, "selling_price": 7.99, "price_per_unit": "pro 700g | 100g = 1.15 CHF", "breadcrumb": "Sortiment > Sortiment > Pouletbrust", "pdp_url": "https://sortiment.lidl.ch/de/pouletbrust-0158795", "product_description": "Artikelnr.: 158795"}
{"product_name": "Holzbesteck Gabel+Löffel 2in1", "brand": "select_go", "regular_price": 0.1, "selling_price": 0.1, "price_per_unit": "pro Stück |", "breadcrumb": "Sortiment > Sortiment > Holzbesteck Gabel+Löffel 2in1", "pdp_url": "https://sortiment.lidl.ch/de/holzbesteck-gabel-loeffel-2in1-0158261", "product_description": "Artikelnr.: 158261"}
{"product_name": "Kosmetikmüllbeutel mit Duft 10l", "brand": "purio", "regular_price": 0.99, "selling_price": 0.99, "price_per_unit": "pro 75 Stück | 1 Stk = 0.02 CHF", "breadcrumb": "Sortiment > Sortiment > Kosmetikmüllbeutel mit Duft 10l", "pdp_url": "https://sortiment.lidl.ch/de/kosmetikmuellbeutel-mit-duft-10l-0157641", "product_description": "Artikelnr.: 157641"}
{"product_name": "Frischhalte-Folie", "brand": "aromata", "regular_price": 1.25, "selling_price": 1.25, "price_per_unit": "pro 75m |", "breadcrumb": "Sortiment > Sortiment > Frischhalte-Folie", "pdp_url": "https://sortiment.lidl.ch/de/frischhalte-folie-0151132", "product_description": "Artikelnr.: 151132"}
{"product_name": "Baby Pants XL Gr. 6", "brand": "lupilu", "regular_price": 5.69, "selling_price": 5.69, "price_per_unit": "pro 18 Stück | 1 Stk = 0.32 CHF", "breadcrumb": "Sortiment > Sortiment > Baby Pants XL Gr. 6", "pdp_url": "https://sortiment.lidl.ch/de/baby-pants-xl-gr-6-0139324", "product_description": "Artikelnr.: 139324"}
{"product_name": "Junior Baby Pants Gr. 5", "brand": "lupilu", "regular_price": 5.99, "selling_price": 5.99, "price_per_unit": "pro 20 Stück | 1 Stk = 0.30 CHF", "breadcrumb": "Sortiment > Sortiment > Junior Baby Pants Gr. 5", "pdp_url": "https://sortiment.lidl.ch/de/junior-baby-pants-gr-5-0139323", "product_description": "Artikelnr.: 139323"}
{"product_name": "Windeln Junior Gr. 5", "brand": "lupilu", "regular_price": 12.29, "selling_price": 12.29, "price_per_unit": "pro 72 Stück | 1 Stk = 0.18 CHF", "breadcrumb": "Sortiment > Sortiment > Windeln Junior Gr. 5", "pdp_url": "https://sortiment.lidl.ch/de/windeln-junior-gr-5-0138252", "product_description": "Artikelnr.: 138252"}
{"product_name": "Windeln XL Gr. 6", "brand": "lupilu", "regular_price": 5.89, "selling_price": 5.89, "price_per_unit": "pro 30 Stück | 1 Stk = 0.20 CHF", "breadcrumb": "Sortiment > Sortiment > Windeln XL Gr. 6", "pdp_url": "https://sortiment.lidl.ch/de/windeln-xl-gr-6-0138089", "product_description": "Artikelnr.: 138089"}
{"product_name": "Windeln Maxi Gr. 4", "brand": "lupilu", "regular_price": 7.69, "selling_price": 7.69, "price_per_unit": "pro 50 Stück | 1 Stk = 0.16 CHF", "breadcrumb": "Sortiment > Sortiment > Windeln Maxi Gr. 4", "pdp_url": "https://sortiment.lidl.ch/de/windeln-maxi-gr-4-0138085", "product_description": "Artikelnr.: 138085"}
{"product_name": "Windeln Midi Gr. 3", "brand": "lupilu", "regular_price": 7.69, "selling_price": 7.69, "price_per_unit": "pro 56 Stück | 1 Stk = 0.14 CHF", "breadcrumb": "Sortiment > Sortiment > Windeln Midi Gr. 3", "pdp_url": "https://sortiment.lidl.ch/de/windeln-midi-gr-3-0138084", "product_description": "Artikelnr.: 138084"}
{"product_name": "Windeln Mini Gr. 2", "brand": "lupilu", "regular_price": 5.79, "selling_price": 5.79, "price_per_unit": "pro 42 Stück | 1 Stk = 0.14 CHF", "breadcrumb": "Sortiment > Sortiment > Windeln Mini Gr. 2", "pdp_url": "https://sortiment.lidl.ch/de/windeln-mini-gr-2-0138082", "product_description": "Artikelnr.: 138082"}
{"product_name": "Windeln Gr. 1", "brand": "lupilu", "regular_price": 3.45, "selling_price": 3.45, "price_per_unit": "pro 24 Stück | 1 Stk = 0.15 CHF", "breadcrumb": "Sortiment > Sortiment > Windeln Gr. 1", "pdp_url": "https://sortiment.lidl.ch/de/windeln-gr-1-0138081", "product_description": "Artikelnr.: 138081"}
{"product_name": "Farbfangtücher", "brand": "formil", "regular_price": 2.85, "selling_price": 2.85, "price_per_unit": "pro 24 Stück | 1 Stk = 0.12 CHF", "breadcrumb": "Sortiment > Sortiment > Farbfangtücher", "pdp_url": "https://sortiment.lidl.ch/de/farbfangtuecher-0155675", "product_description": "Artikelnr.: 155675"}
{"product_name": "Lufterfrischer Flakon", "brand": "w5", "regular_price": 2.89, "selling_price": 2.89, "price_per_unit": "pro 150ml | 1L = 19.27 CHF", "breadcrumb": "Sortiment > Sortiment > Lufterfrischer Flakon", "pdp_url": "https://sortiment.lidl.ch/de/lufterfrischer-flakon-0152900", "product_description": "Artikelnr.: 152900"}
{"product_name": "Raumspray", "brand": "w5", "regular_price": 1.49, "selling_price": 1.49, "price_per_unit": "pro 300ml | 1L = 4.97 CHF", "breadcrumb": "Sortiment > Sortiment > Raumspray", "pdp_url": "https://sortiment.lidl.ch/de/raumspray-0151608", "product_description": "Artikelnr.: 151608"}
{"product_name": "WC-Stein", "brand": "w5", "regular_price": 3.95, "selling_price": 3.95, "price_per_unit": "pro 2x48g | 100g = 4.12 CHF", "breadcrumb": "Sortiment > Sortiment > WC-Stein", "pdp_url": "https://sortiment.lidl.ch/de/wc-stein-0152987", "product_description": "Artikelnr.: 152987"}
{"product_name": "Spülmittel-Konzentrat", "brand": "w5", "regular_price": 0.95, "selling_price": 0.95, "price_per_unit": "pro 500ml | 1L = 1.90 CHF", "breadcrumb": "Sortiment > Sortiment > Spülmittel-Konzentrat", "pdp_url": "https://sortiment.lidl.ch/de/spuelmittel-konzentrat-0151529", "product_description": "Artikelnr.: 151529"}
{"product_name": "Destilliertes Wasser", "brand": "w5", "regular_price": 1.79, "selling_price": 1.79, "price_per_unit": "pro 3l | 1L = 0.60 CHF", "breadcrumb": "Sortiment > Sortiment > Destilliertes Wasser", "pdp_url": "https://sortiment.lidl.ch/de/destilliertes-wasser-0047490", "product_description": "Artikelnr.: 47490"}
{"product_name": "Dettol Desinfektionsreiniger", "brand": "", "regular_price": 4.95, "selling_price": 4.95, "price_per_unit": "pro 750ml | 1L = 6.60 CHF", "breadcrumb": "Sortiment > Sortiment > Dettol Desinfektionsreiniger", "pdp_url": "https://sortiment.lidl.ch/de/dettol-desinfektionsreiniger-0008213", "product_description": "Artikelnr.: 8213"}
{"product_name": "Colorwaschmittel", "brand": "formil", "regular_price": 9.95, "selling_price": 9.95, "price_per_unit": "pro 5,2kg | 1Kg = 1.92 CHF", "breadcrumb": "Sortiment > Sortiment > Colorwaschmittel", "pdp_url": "https://sortiment.lidl.ch/de/colorwaschmittel-0151403", "product_description": "Artikelnr.: 151403"}
{"product_name": "Vollwaschmittel", "brand": "formil", "regular_price": 9.95, "selling_price": 9.95, "price_per_unit": "pro 5,2kg | 1Kg = 1.92 CHF", "breadcrumb": "Sortiment > Sortiment > Vollwaschmittel", "pdp_url": "https://sortiment.lidl.ch/de/vollwaschmittel-0151398", "product_description": "Artikelnr.: 151398"}
{"product_name": "Signal Zahnpasta White Now", "brand": "signal", "regular_price": 4.89, "selling_price": 4.89, "price_per_unit": "pro 75ml | 100ML = 6.52 CHF", "breadcrumb": "Sortiment > Sortiment > Signal Zahnpasta White Now", "pdp_url": "https://sortiment.lidl.ch/de/signal-zahnpasta-white-now-0002396", "product_description": "Artikelnr.: 2396"}
{"product_name": "Eau de Toilette", "brand": "g._bellini", "regular_price": 7.49, "selling_price": 7.49, "price_per_unit": "pro 75ml | 100ML = 9.99 CHF", "breadcrumb": "Sortiment > Sortiment > Eau de Toilette", "pdp_url": "https://sortiment.lidl.ch/de/eau-de-toilette-0153751", "product_description": "Artikelnr.: 153751"}
{"product_name": "Eau de Parfum", "brand": "suddenly", "regular_price": 6.29, "selling_price": 6.29, "price_per_unit": "pro 75ml | 100ML = 8.39 CHF", "breadcrumb": "Sortiment > Sortiment > Eau de Parfum", "pdp_url": "https://sortiment.lidl.ch/de/eau-de-parfum-0153747", "product_description": "Artikelnr.: 153747"}
{"product_name": "Dettol Flüssigseife No-Touch", "brand": "", "regular_price": 4.95, "selling_price": 4.95, "price_per_unit": "pro 250ml | 100ML = 1.98 CHF", "breadcrumb": "Sortiment > Sortiment > Dettol Flüssigseife No-Touch", "pdp_url": "https://sortiment.lidl.ch/de/dettol-fluessigseife-no-touch-0008049", "product_description": "Artikelnr.: 8049"}
{"product_name": "Dettol Flüssigseife No-Touch", "brand": "", "regular_price": 4.95, "selling_price": 4.95, "price_per_unit": "pro 250ml | 100ML = 1.98 CHF", "breadcrumb": "Sortiment > Sortiment > Dettol Flüssigseife No-Touch", "pdp_url": "https://sortiment.lidl.ch/de/dettol-fluessigseife-no-touch-0008048", "product_description": "Artikelnr.: 8048"}
{"product_name": "Schlecksnack für Katzen", "brand": "coshida", "regular_price": 2.65, "selling_price": 2.65, "price_per_unit": "pro 112g | 100g = 2.37 CHF", "breadcrumb": "Sortiment > Sortiment > Schlecksnack für Katzen", "pdp_url": "https://sortiment.lidl.ch/de/schlecksnack-fuer-katzen-0074306", "product_description": "Artikelnr.: 74306"}
{"product_name": "Laugenbrezel", "brand": "", "regular_price": 0.75, "selling_price": 0.75, "price_per_unit": "pro 100g |", "breadcrumb": "Sortiment > Sortiment > Laugenbrezel", "pdp_url": "https://sortiment.lidl.ch/de/laugenbrezel-0145636", "product_description": "Artikelnr.: 145636 Laugengebäck. Zutaten: 76% Weizenmehl , Wasser, Hefe, Rapsöl, Speisesalz, Stabilisator: Guarkernmehl,  Dextrose, Emulgator: Mono-und Diacetylweinsäureester von Mono- und Diglyceriden von Speisefettsäuren, Weizenmalzmehl , Säureregulator: Natriumhydroxid. Kann Spuren von Eiern, Erdnüssen, Soja, Milch, Schalenfrüchte (Nüsse), Sellerie, Senf, Sesam und Sulfiten enthalten .  Hergestellt in Deutschland."}
{"product_name": "Baguettine", "brand": "", "regular_price": 0.99, "selling_price": 0.99, "price_per_unit": "pro 127g | 100g = 0.78 CHF", "breadcrumb": "Sortiment > Sortiment > Baguettine", "pdp_url": "https://sortiment.lidl.ch/de/baguettine-0128975", "product_description": "Artikelnr.: 128975 Halbes rustikales  Baguette Zutaten: 57% Weizenmehl , Wasser, Hefe, Speisesalz, Weizengluten, Weizenmalzmehl, deaktivierte Hefe, Mehlbehandlungsmittel: Ascorbinsäure. Kann Spuren von Ei, Erdnüsse, Soja, Milch, Schalenfrüchte (Nüsse), Sellerie, Senf, Sesam und Sulfiten enthalten . Hergestellt in Frankreich."}
{"product_name": "Mini Kuchen", "brand": "confiserie_firenze", "regular_price": 2.99, "selling_price": 2.99, "price_per_unit": "pro 8x35g | 100g = 1.07 CHF", "breadcrumb": "Sortiment > Sortiment > Mini Kuchen", "pdp_url": "https://sortiment.lidl.ch/de/mini-kuchen-0143895", "product_description": "Artikelnr.: 143895"}
{"product_name": "Cake", "brand": "confiserie_firenze", "regular_price": 2.49, "selling_price": 2.49, "price_per_unit": "pro 300g | 100g = 0.83 CHF", "breadcrumb": "Sortiment > Sortiment > Cake", "pdp_url": "https://sortiment.lidl.ch/de/cake-0116315", "product_description": "Artikelnr.: 116315"}
{"product_name": "Gugelhopf", "brand": "confiserie_firenze", "regular_price": 2.49, "selling_price": 2.49, "price_per_unit": "pro 500g | 100g = 0.50 CHF", "breadcrumb": "Sortiment > Sortiment > Gugelhopf", "pdp_url": "https://sortiment.lidl.ch/de/gugelhopf-0021042", "product_description": "Artikelnr.: 21042"}
{"product_name": "Milch-Brötchen", "brand": "maitre_jean_pierre", "regular_price": 2.69, "selling_price": 2.69, "price_per_unit": "pro 480g | 100g = 0.57 CHF", "breadcrumb": "Sortiment > Sortiment > Milch-Brötchen", "pdp_url": "https://sortiment.lidl.ch/de/milch-broetchen-0124645", "product_description": "Artikelnr.: 124645"}
{"product_name": "Weizenbrot American Style", "brand": "", "regular_price": 1.49, "selling_price": 1.49, "price_per_unit": "pro 375g | 100g = 0.40 CHF", "breadcrumb": "Sortiment > Sortiment > Weizenbrot American Style", "pdp_url": "https://sortiment.lidl.ch/de/weizenbrot-american-style-0140184", "product_description": "Artikelnr.: 140184"}
{"product_name": "Weizentoast", "brand": "", "regular_price": 1.19, "selling_price": 1.19, "price_per_unit": "pro 500g | 100g = 0.24 CHF", "breadcrumb": "Sortiment > Sortiment > Weizentoast", "pdp_url": "https://sortiment.lidl.ch/de/weizentoast-0138779", "product_description": "Artikelnr.: 138779"}
{"product_name": "Vital & Fit Balance Brot", "brand": "grafschafter", "regular_price": 1.99, "selling_price": 1.99, "price_per_unit": "pro 500g | 100g = 0.40 CHF", "breadcrumb": "Sortiment > Sortiment > Vital & Fit Balance Brot", "pdp_url": "https://sortiment.lidl.ch/de/vital-fit-balance-brot-0099293", "product_description": "Artikelnr.: 99293"}
{"product_name": "Vollkorntoast", "brand": "", "regular_price": 1.19, "selling_price": 1.19, "price_per_unit": "pro 500g | 100g = 0.24 CHF", "breadcrumb": "Sortiment > Sortiment > Vollkorntoast", "pdp_url": "https://sortiment.lidl.ch/de/vollkorntoast-0021322", "product_description": "Artikelnr.: 21322"}
{"product_name": "Kaugummi Dragées zuckerfrei", "brand": "jetgum", "regular_price": 1.99, "selling_price": 1.99, "price_per_unit": "pro 70g | 100g = 2.85 CHF", "breadcrumb": "Sortiment > Sortiment > Kaugummi Dragées zuckerfrei", "pdp_url": "https://sortiment.lidl.ch/de/kaugummi-dragees-zuckerfrei-0151933", "product_description": "Artikelnr.: 151933"}
{"product_name": "Stimorol Kaugummi", "brand": "stimorol", "regular_price": 4.95, "selling_price": 4.95, "price_per_unit": "pro 98g | 100g = 5.06 CHF", "breadcrumb": "Sortiment > Sortiment > Stimorol Kaugummi", "pdp_url": "https://sortiment.lidl.ch/de/stimorol-kaugummi-0005354", "product_description": "Artikelnr.: 5354"}
{"product_name": "Stimorol Kaugummi", "brand": "stimorol", "regular_price": 5.35, "selling_price": 5.35, "price_per_unit": "pro 87g | 100g = 6.15 CHF", "breadcrumb": "Sortiment > Sortiment > Stimorol Kaugummi", "pdp_url": "https://sortiment.lidl.ch/de/stimorol-kaugummi-0005332", "product_description": "Artikelnr.: 5332"}
{"product_name": "Fruchtgummi Frösche", "brand": "sweet_corner", "regular_price": 1.95, "selling_price": 1.95, "price_per_unit": "pro 300g | 100g = 0.65 CHF", "breadcrumb": "Sortiment > Sortiment > Fruchtgummi Frösche", "pdp_url": "https://sortiment.lidl.ch/de/fruchtgummi-froesche-0133898", "product_description": "Artikelnr.: 133898"}
{"product_name": "Happy Bears", "brand": "sweet_corner", "regular_price": 1.29, "selling_price": 1.29, "price_per_unit": "pro 300g | 100g = 0.43 CHF", "breadcrumb": "Sortiment > Sortiment > Happy Bears", "pdp_url": "https://sortiment.lidl.ch/de/happy-bears-0140136", "product_description": "Artikelnr.: 140136"}
{"product_name": "Fisherman's Friend Pastillen", "brand": "fishermans_friend", "regular_price": 5.37, "selling_price": 3.58, "price_per_unit": "pro 25g | LP 100g = 14.32 CHF", "breadcrumb": "Sortiment > Sortiment > Fisherman's Friend Pastillen", "pdp_url": "https://sortiment.lidl.ch/de/fisherman-s-friend-pastillen-0048398", "product_description": "Artikelnr.: 48398"}
{"product_name": "Fritt Kaubonbons", "brand": "", "regular_price": 1.25, "selling_price": 1.25, "price_per_unit": "pro 70g | 100g = 1.79 CHF", "breadcrumb": "Sortiment > Sortiment > Fritt Kaubonbons", "pdp_url": "https://sortiment.lidl.ch/de/fritt-kaubonbons-0040024", "product_description": "Artikelnr.: 40024"}
{"product_name": "Toffees Schoko / Toffees", "brand": "sweet_corner", "regular_price": 2.95, "selling_price": 2.95, "price_per_unit": "pro 400g, 600g | 100g = 0.74, 0.50 CHF", "breadcrumb": "Sortiment > Sortiment > Toffees Schoko / Toffees", "pdp_url": "https://sortiment.lidl.ch/de/toffees-schoko-toffees-0038385", "product_description": "Artikelnr.: 38385"}
{"product_name": "Hosta Nippon Häppchen", "brand": "", "regular_price": 1.89, "selling_price": 1.89, "price_per_unit": "pro 200g | 100g = 0.95 CHF", "breadcrumb": "Sortiment > Sortiment > Hosta Nippon Häppchen", "pdp_url": "https://sortiment.lidl.ch/de/hosta-nippon-haeppchen-0003234", "product_description": "Artikelnr.: 3234"}
{"product_name": "Mozartkugeln Zartbitter", "brand": "j._d._gross", "regular_price": 2.99, "selling_price": 2.99, "price_per_unit": "pro 200g | 100g = 1.50 CHF", "breadcrumb": "Sortiment > Sortiment > Mozartkugeln Zartbitter", "pdp_url": "https://sortiment.lidl.ch/de/mozartkugeln-zartbitter-0070923", "product_description": "Artikelnr.: 70923"}
{"product_name": "Ovomaltine Branchli", "brand": "", "regular_price": 1.69, "selling_price": 1.69, "price_per_unit": "pro 33g | 100g = 5.13 CHF", "breadcrumb": "Sortiment > Sortiment > Ovomaltine Branchli", "pdp_url": "https://sortiment.lidl.ch/de/ovomaltine-branchli-5108709", "product_description": "Artikelnr.: 5108709"}
{"product_name": "Mini Kisses", "brand": "chocarre_suisse", "regular_price": 4.95, "selling_price": 4.95, "price_per_unit": "pro 20x10g | 100g = 2.48 CHF", "breadcrumb": "Sortiment > Sortiment > Mini Kisses", "pdp_url": "https://sortiment.lidl.ch/de/mini-kisses-5108404", "product_description": "Artikelnr.: 5108404"}
{"product_name": "Single Origin Madagaskar 70%", "brand": "j.d._gross", "regular_price": 1.99, "selling_price": 1.99, "price_per_unit": "pro 100g |", "breadcrumb": "Sortiment > Sortiment > Single Origin Madagaskar 70%", "pdp_url": "https://sortiment.lidl.ch/de/single-origin-madagaskar-70-0140396", "product_description": "Artikelnr.: 140396"}
{"product_name": "Dunkle Schokolade Peru 60%", "brand": "j.d._gross", "regular_price": 1.99, "selling_price": 1.99, "price_per_unit": "pro 100g |", "breadcrumb": "Sortiment > Sortiment > Dunkle Schokolade Peru 60%", "pdp_url": "https://sortiment.lidl.ch/de/dunkle-schokolade-peru-60-0140395", "product_description": "Artikelnr.: 140395"}
{"product_name": "Bio Schokolade dunkel 70% Kakao", "brand": "fairglobe", "regular_price": 1.79, "selling_price": 1.79, "price_per_unit": "pro 100g |", "breadcrumb": "Sortiment > Sortiment > Bio Schokolade dunkel 70% Kakao", "pdp_url": "https://sortiment.lidl.ch/de/bio-schokolade-dunkel-70-kakao-0134425", "product_description": "Artikelnr.: 134425"}
{"product_name": "Dunkle Schokolade mit Mandel-Orange", "brand": "j.d._gross", "regular_price": 1.59, "selling_price": 1.59, "price_per_unit": "pro 125g | 100g = 1.28 CHF", "breadcrumb": "Sortiment > Sortiment > Dunkle Schokolade mit Mandel-Orange", "pdp_url": "https://sortiment.lidl.ch/de/dunkle-schokolade-mit-mandel-orange-0129153", "product_description": "Artikelnr.: 129153"}
{"product_name": "Milchschokolade", "brand": "fin_carre", "regular_price": 3.49, "selling_price": 3.49, "price_per_unit": "pro 300g | 100g = 1.17 CHF", "breadcrumb": "Sortiment > Sortiment > Milchschokolade", "pdp_url": "https://sortiment.lidl.ch/de/milchschokolade-0126585", "product_description": "Artikelnr.: 126585"}
{"product_name": "Schokoladenstäbchen", "brand": "mister_choc", "regular_price": 1.99, "selling_price": 1.99, "price_per_unit": "pro 200g | 100g = 1.00 CHF", "breadcrumb": "Sortiment > Sortiment > Schokoladenstäbchen", "pdp_url": "https://sortiment.lidl.ch/de/schokoladenstaebchen-0031678", "product_description": "Artikelnr.: 31678"}
{"product_name": "Dunkle Schokolade Ecuador 70%", "brand": "j.d._gross", "regular_price": 1.59, "selling_price": 1.59, "price_per_unit": "pro 125g | 100g = 1.28 CHF", "breadcrumb": "Sortiment > Sortiment > Dunkle Schokolade Ecuador 70%", "pdp_url": "https://sortiment.lidl.ch/de/dunkle-schokolade-ecuador-70-0028823", "product_description": "Artikelnr.: 28823"}
{"product_name": "Kokosraspeln", "brand": "belbake", "regular_price": 1.49, "selling_price": 1.49, "price_per_unit": "pro 250g | 100g = 0.60 CHF", "breadcrumb": "Sortiment > Sortiment > Kokosraspeln", "pdp_url": "https://sortiment.lidl.ch/de/kokosraspeln-0148486", "product_description": "Artikelnr.: 148486"}
{"product_name": "Dar-Vida Cracker Paprika", "brand": "dar-vida", "regular_price": 2.99, "selling_price": 2.99, "price_per_unit": "pro 125g | 100g = 2.40 CHF", "breadcrumb": "Sortiment > Sortiment > Dar-Vida Cracker Paprika", "pdp_url": "https://sortiment.lidl.ch/de/dar-vida-cracker-paprika-5108774", "product_description": "Artikelnr.: 5108774"}
{"product_name": "Party Mix", "brand": "snack_day", "regular_price": 1.29, "selling_price": 1.29, "price_per_unit": "pro 300g | 100g = 0.43 CHF", "breadcrumb": "Sortiment > Sortiment > Party Mix", "pdp_url": "https://sortiment.lidl.ch/de/party-mix-0096761", "product_description": "Artikelnr.: 96761"}
{"product_name": "Salzstangen", "brand": "snack_day", "regular_price": 0.99, "selling_price": 0.99, "price_per_unit": "pro 250g | 100g = 0.40 CHF", "breadcrumb": "Sortiment > Sortiment > Salzstangen", "pdp_url": "https://sortiment.lidl.ch/de/salzstangen-0028369", "product_description": "Artikelnr.: 28369"}
{"product_name": "Ritz Crackers", "brand": "ritz", "regular_price": 3.39, "selling_price": 3.39, "price_per_unit": "pro 200g | 100g = 1.70 CHF", "breadcrumb": "Sortiment > Sortiment > Ritz Crackers", "pdp_url": "https://sortiment.lidl.ch/de/ritz-crackers-0005424", "product_description": "Artikelnr.: 5424"}
{"product_name": "Milch-Haselnuss Riegel", "brand": "sondey", "regular_price": 2.49, "selling_price": 2.49, "price_per_unit": "pro 5x40g | 100g = 1.25 CHF", "breadcrumb": "Sortiment > Sortiment > Milch-Haselnuss Riegel", "pdp_url": "https://sortiment.lidl.ch/de/milch-haselnuss-riegel-0155144", "product_description": "Artikelnr.: 155144"}
{"product_name": "Nuss Stängeli", "brand": "sondey", "regular_price": 3.99, "selling_price": 3.99, "price_per_unit": "pro 500g | 100g = 0.80 CHF", "breadcrumb": "Sortiment > Sortiment > Nuss Stängeli", "pdp_url": "https://sortiment.lidl.ch/de/nuss-staengeli-0151297", "product_description": "Artikelnr.: 151297"}
{"product_name": "Schoko Waffeln", "brand": "sondey", "regular_price": 1.79, "selling_price": 1.79, "price_per_unit": "pro 150g | 100g = 1.20 CHF", "breadcrumb": "Sortiment > Sortiment > Schoko Waffeln", "pdp_url": "https://sortiment.lidl.ch/de/schoko-waffeln-0133351", "product_description": "Artikelnr.: 133351"}
{"product_name": "Leibniz Pick up!", "brand": "", "regular_price": 3.49, "selling_price": 3.49, "price_per_unit": "pro 140g | 100g = 2.50 CHF", "breadcrumb": "Sortiment > Sortiment > Leibniz Pick up!", "pdp_url": "https://sortiment.lidl.ch/de/leibniz-pick-up-0047627", "product_description": "Artikelnr.: 47627"}
{"product_name": "Mini Biscuits Cookies", "brand": "sondey", "regular_price": 1.65, "selling_price": 1.65, "price_per_unit": "pro 150g | 100g = 1.10 CHF", "breadcrumb": "Sortiment > Sortiment > Mini Biscuits Cookies", "pdp_url": "https://sortiment.lidl.ch/de/mini-biscuits-cookies-0018692", "product_description": "Artikelnr.: 18692"}
{"product_name": "Calanda Radler", "brand": "", "regular_price": 12.29, "selling_price": 12.29, "price_per_unit": "pro 6x0,5l | 1L = 4.10 CHF", "breadcrumb": "Sortiment > Sortiment > Calanda Radler", "pdp_url": "https://sortiment.lidl.ch/de/calanda-radler-5109492", "product_description": "Artikelnr.: 5109492"}
{"product_name": "Calanda Lagerbier", "brand": "", "regular_price": 11.19, "selling_price": 11.19, "price_per_unit": "pro 6x0,5l | 1L = 3.73 CHF", "breadcrumb": "Sortiment > Sortiment > Calanda Lagerbier", "pdp_url": "https://sortiment.lidl.ch/de/calanda-lagerbier-0002496", "product_description": "Artikelnr.: 2496"}
{"product_name": "Holunderblütensirup", "brand": "solevita", "regular_price": 3.45, "selling_price": 3.45, "price_per_unit": "pro 1,5l | 1L = 2.30 CHF", "breadcrumb": "Sortiment > Sortiment > Holunderblütensirup", "pdp_url": "https://sortiment.lidl.ch/de/holunderbluetensirup-5109564", "product_description": "Artikelnr.: 5109564"}
{"product_name": "Beerensirup", "brand": "solevita", "regular_price": 3.45, "selling_price": 3.45, "price_per_unit": "pro 1,5l | 1L = 2.30 CHF", "breadcrumb": "Sortiment > Sortiment > Beerensirup", "pdp_url": "https://sortiment.lidl.ch/de/beerensirup-5109560", "product_description": "Artikelnr.: 5109560"}
{"product_name": "Himbeersirup", "brand": "solevita", "regular_price": 3.45, "selling_price": 3.45, "price_per_unit": "pro 1,5l | 1L = 2.30 CHF", "breadcrumb": "Sortiment > Sortiment > Himbeersirup", "pdp_url": "https://sortiment.lidl.ch/de/himbeersirup-5109559", "product_description": "Artikelnr.: 5109559"}
{"product_name": "Vitamin Well Awake", "brand": "", "regular_price": 2.25, "selling_price": 2.25, "price_per_unit": "pro 500ml | 1L = 4.50 CHF", "breadcrumb": "Sortiment > Sortiment > Vitamin Well Awake", "pdp_url": "https://sortiment.lidl.ch/de/vitamin-well-awake-5109005", "product_description": "Artikelnr.: 5109005"}
{"product_name": "Vitamin Well Reload", "brand": "", "regular_price": 2.25, "selling_price": 2.25, "price_per_unit": "pro 500ml | 1L = 4.50 CHF", "breadcrumb": "Sortiment > Sortiment > Vitamin Well Reload", "pdp_url": "https://sortiment.lidl.ch/de/vitamin-well-reload-5109004", "product_description": "Artikelnr.: 5109004"}
{"product_name": "Vitamin Well Antioxidant", "brand": "", "regular_price": 2.25, "selling_price": 2.25, "price_per_unit": "pro 500ml | 1L = 4.50 CHF", "breadcrumb": "Sortiment > Sortiment > Vitamin Well Antioxidant", "pdp_url": "https://sortiment.lidl.ch/de/vitamin-well-antioxidant-5109003", "product_description": "Artikelnr.: 5109003"}
{"product_name": "Evian Mineralwasser", "brand": "", "regular_price": 6.59, "selling_price": 3.29, "price_per_unit": "pro 1,5l | 1L = 2.20 CHF", "breadcrumb": "Sortiment > Sortiment > Evian Mineralwasser", "pdp_url": "https://sortiment.lidl.ch/de/evian-mineralwasser-0006242", "product_description": "Artikelnr.: 6242"}
{"product_name": "Appenzeller Alpenbitter", "brand": "", "regular_price": 29.89, "selling_price": 29.89, "price_per_unit": "pro 1l |", "breadcrumb": "Sortiment > Sortiment > Appenzeller Alpenbitter", "pdp_url": "https://sortiment.lidl.ch/de/appenzeller-alpenbitter-5109491", "product_description": "Artikelnr.: 5109491"}
{"product_name": "Vodka", "brand": "rachmaninoff", "regular_price": 2.99, "selling_price": 2.99, "price_per_unit": "pro 0,1l |", "breadcrumb": "Sortiment > Sortiment > Vodka", "pdp_url": "https://sortiment.lidl.ch/de/vodka-0149162", "product_description": "Artikelnr.: 149162"}
{"product_name": "Prosecco Valdobbiadene DOCG", "brand": "", "regular_price": 9.45, "selling_price": 9.45, "price_per_unit": "pro 0,75l | 1L = 12.60 CHF", "breadcrumb": "Sortiment > Sortiment > Prosecco Valdobbiadene DOCG", "pdp_url": "https://sortiment.lidl.ch/de/prosecco-valdobbiadene-docg-0149516", "product_description": "Artikelnr.: 149516"}
{"product_name": "Zweigelt Cuvée", "brand": "", "regular_price": 6.99, "selling_price": 6.99, "price_per_unit": "pro 0,75l | 1L = 9.32 CHF", "breadcrumb": "Sortiment > Sortiment > Zweigelt Cuvée", "pdp_url": "https://sortiment.lidl.ch/de/zweigelt-cuvee-5008172", "product_description": "Artikelnr.: 5008172"}
{"product_name": "Nero d'Avola DOP", "brand": "", "regular_price": 3.95, "selling_price": 3.95, "price_per_unit": "pro 0,75l | 1L = 5.27 CHF", "breadcrumb": "Sortiment > Sortiment > Nero d'Avola DOP", "pdp_url": "https://sortiment.lidl.ch/de/nero-d-avola-dop-0128628", "product_description": "Artikelnr.: 128628"}
{"product_name": "Chardonnay", "brand": "cimarosa", "regular_price": 3.95, "selling_price": 3.95, "price_per_unit": "pro 0,75l | 1L = 5.27 CHF", "breadcrumb": "Sortiment > Sortiment > Chardonnay", "pdp_url": "https://sortiment.lidl.ch/de/chardonnay-0034496", "product_description": "Artikelnr.: 34496"}
{"product_name": "Kochwein weiss", "brand": "", "regular_price": 2.65, "selling_price": 2.65, "price_per_unit": "pro 1l |", "breadcrumb": "Sortiment > Sortiment > Kochwein weiss", "pdp_url": "https://sortiment.lidl.ch/de/kochwein-weiss-5108639", "product_description": "Artikelnr.: 5108639"}
{"product_name": "Nestlé Yogolino", "brand": "nestle", "regular_price": 3.95, "selling_price": 3.95, "price_per_unit": "pro 4x100g | 100g = 0.99 CHF", "breadcrumb": "Sortiment > Sortiment > Nestlé Yogolino", "pdp_url": "https://sortiment.lidl.ch/de/nestle-yogolino-5108901", "product_description": "Artikelnr.: 5108901"}
{"product_name": "Galactina Plasmon Kinder Biscuits", "brand": "", "regular_price": 4.39, "selling_price": 4.39, "price_per_unit": "pro 160g | 100g = 2.75 CHF", "breadcrumb": "Sortiment > Sortiment > Galactina Plasmon Kinder Biscuits", "pdp_url": "https://sortiment.lidl.ch/de/galactina-plasmon-kinder-biscuits-5108628", "product_description": "Artikelnr.: 5108628"}
{"product_name": "Schöni Rotkraut gekocht", "brand": "", "regular_price": 2.95, "selling_price": 2.95, "price_per_unit": "pro 500g | 100g = 0.59 CHF", "breadcrumb": "Sortiment > Sortiment > Schöni Rotkraut gekocht", "pdp_url": "https://sortiment.lidl.ch/de/schoeni-rotkraut-gekocht-5108762", "product_description": "Artikelnr.: 5108762"}
{"product_name": "Schöni Sauerkraut gekocht", "brand": "", "regular_price": 3.39, "selling_price": 3.39, "price_per_unit": "pro 500g | 100g = 0.68 CHF", "breadcrumb": "Sortiment > Sortiment > Schöni Sauerkraut gekocht", "pdp_url": "https://sortiment.lidl.ch/de/schoeni-sauerkraut-gekocht-5108761", "product_description": "Artikelnr.: 5108761"}
{"product_name": "Thomy Tomatenpüree", "brand": "thomy", "regular_price": 2.95, "selling_price": 2.95, "price_per_unit": "pro 300g | 100g = 0.99 CHF", "breadcrumb": "Sortiment > Sortiment > Thomy Tomatenpüree", "pdp_url": "https://sortiment.lidl.ch/de/thomy-tomatenpueree-5109239", "product_description": "Artikelnr.: 5109239"}
{"product_name": "Champignons in Scheiben", "brand": "freshona", "regular_price": 2.79, "selling_price": 2.79, "price_per_unit": "pro 345g (Abtropfgewicht) | 100g = 0.81 CHF", "breadcrumb": "Sortiment > Sortiment > Champignons in Scheiben", "pdp_url": "https://sortiment.lidl.ch/de/champignons-in-scheiben-0143190", "product_description": "Artikelnr.: 143190"}
{"product_name": "Erbsen & Karotten/ Erbsen extra fein", "brand": "freshona", "regular_price": 2.99, "selling_price": 2.99, "price_per_unit": "pro 390g, 420g (Abtropfgewicht) | 100g = 0.77, 0.72 CHF", "breadcrumb": "Sortiment > Sortiment > Erbsen & Karotten/ Erbsen extra fein", "pdp_url": "https://sortiment.lidl.ch/de/erbsen-karotten-erbsen-extra-fein-0045338", "product_description": "Artikelnr.: 45338"}
{"product_name": "Chirat Maiskölbchen", "brand": "chirat", "regular_price": 4.95, "selling_price": 4.95, "price_per_unit": "pro 125g (Abtropfgewicht) | 100g = 3.96 CHF", "breadcrumb": "Sortiment > Sortiment > Chirat Maiskölbchen", "pdp_url": "https://sortiment.lidl.ch/de/chirat-maiskoelbchen-0008327", "product_description": "Artikelnr.: 8327"}
{"product_name": "Bio Fruchtmus ohne Zuckerzusatz", "brand": "freshona", "regular_price": 1.15, "selling_price": 1.15, "price_per_unit": "pro 350g, 360g | 100g = 0.33, 0.32 CHF", "breadcrumb": "Sortiment > Sortiment > Bio Fruchtmus ohne Zuckerzusatz", "pdp_url": "https://sortiment.lidl.ch/de/bio-fruchtmus-ohne-zuckerzusatz-0132181", "product_description": "Artikelnr.: 132181"}
{"product_name": "Ananas Scheiben", "brand": "freshona", "regular_price": 1.05, "selling_price": 1.05, "price_per_unit": "pro 340g (Abtropfgewicht) | 100g = 0.31 CHF", "breadcrumb": "Sortiment > Sortiment > Ananas Scheiben", "pdp_url": "https://sortiment.lidl.ch/de/ananas-scheiben-0036320", "product_description": "Artikelnr.: 36320"}
{"product_name": "Hirschpfeffer", "brand": "chef_select", "regular_price": 9.95, "selling_price": 9.95, "price_per_unit": "pro 600g | 100g = 1.66 CHF", "breadcrumb": "Sortiment > Sortiment > Hirschpfeffer", "pdp_url": "https://sortiment.lidl.ch/de/hirschpfeffer-5103959", "product_description": "Artikelnr.: 5103959"}
{"product_name": "Rösti Classic", "brand": "harvest_basket", "regular_price": 2.39, "selling_price": 2.39, "price_per_unit": "pro 750g | 100g = 0.32 CHF", "breadcrumb": "Sortiment > Sortiment > Rösti Classic", "pdp_url": "https://sortiment.lidl.ch/de/roesti-classic-5109505", "product_description": "Artikelnr.: 5109505"}
{"product_name": "MSC Thunfisch Skipjack", "brand": "nixe", "regular_price": 2.35, "selling_price": 2.35, "price_per_unit": "pro 156g Abtropfgewicht | 100g = 1.51 CHF", "breadcrumb": "Sortiment > Sortiment > MSC Thunfisch Skipjack", "pdp_url": "https://sortiment.lidl.ch/de/msc-thunfisch-skipjack-0160534", "product_description": "Artikelnr.: 160534"}
{"product_name": "MSC Thunfisch Skipjack", "brand": "nixe", "regular_price": 2.49, "selling_price": 2.49, "price_per_unit": "pro 3x80g | 100g = 1.49 CHF", "breadcrumb": "Sortiment > Sortiment > MSC Thunfisch Skipjack", "pdp_url": "https://sortiment.lidl.ch/de/msc-thunfisch-skipjack-0160533", "product_description": "Artikelnr.: 160533"}
{"product_name": "MSC Thunfisch in Sonnenblumenöl", "brand": "nixe", "regular_price": 1.75, "selling_price": 1.75, "price_per_unit": "pro 140g (Abtropfgewicht) | 100g = 1.25 CHF", "breadcrumb": "Sortiment > Sortiment > MSC Thunfisch in Sonnenblumenöl", "pdp_url": "https://sortiment.lidl.ch/de/msc-thunfisch-in-sonnenblumenoel-0152886", "product_description": "Artikelnr.: 152886"}
{"product_name": "Nudel-Schinken Gratin", "brand": "kania", "regular_price": 0.65, "selling_price": 0.65, "price_per_unit": "pro 28g | 100g = 2.33 CHF", "breadcrumb": "Sortiment > Sortiment > Nudel-Schinken Gratin", "pdp_url": "https://sortiment.lidl.ch/de/nudel-schinken-gratin-0160269", "product_description": "Artikelnr.: 160269"}
{"product_name": "Kartoffelstock", "brand": "harvest_basket", "regular_price": 2.35, "selling_price": 2.35, "price_per_unit": "pro 500g | 100g = 0.47 CHF", "breadcrumb": "Sortiment > Sortiment > Kartoffelstock", "pdp_url": "https://sortiment.lidl.ch/de/kartoffelstock-0037474", "product_description": "Artikelnr.: 37474"}
{"product_name": "Knorr Suprême Sauce", "brand": "knorr", "regular_price": 3.89, "selling_price": 3.89, "price_per_unit": "pro 30g, 31g, 35g, 41g | 100g = 12.97, 11.12, 9.49 CHF", "breadcrumb": "Sortiment > Sortiment > Knorr Suprême Sauce", "pdp_url": "https://sortiment.lidl.ch/de/knorr-supreme-sauce-0003432", "product_description": "Artikelnr.: 3432"}
{"product_name": "Peanut Butter", "brand": "mister_choc", "regular_price": 3.49, "selling_price": 3.49, "price_per_unit": "pro 350g | 100g = 1.00 CHF", "breadcrumb": "Sortiment > Sortiment > Peanut Butter", "pdp_url": "https://sortiment.lidl.ch/de/peanut-butter-0021805", "product_description": "Artikelnr.: 21805"}
{"product_name": "nectaflor Schweizer Honig", "brand": "", "regular_price": 16.45, "selling_price": 16.45, "price_per_unit": "pro 500g | 100g = 3.29 CHF", "breadcrumb": "Sortiment > Sortiment > nectaflor Schweizer Honig", "pdp_url": "https://sortiment.lidl.ch/de/nectaflor-schweizer-honig-5109228", "product_description": "Artikelnr.: 5109228"}
{"product_name": "Bio Agavendicksaft", "brand": "maribel", "regular_price": 2.09, "selling_price": 2.09, "price_per_unit": "pro 250g | 100g = 0.84 CHF", "breadcrumb": "Sortiment > Sortiment > Bio Agavendicksaft", "pdp_url": "https://sortiment.lidl.ch/de/bio-agavendicksaft-0119564", "product_description": "Artikelnr.: 119564"}
{"product_name": "Pasta trafilata al bronzo", "brand": "combino", "regular_price": 1.19, "selling_price": 1.19, "price_per_unit": "pro 500g | 100g = 0.24 CHF", "breadcrumb": "Sortiment > Sortiment > Pasta trafilata al bronzo", "pdp_url": "https://sortiment.lidl.ch/de/pasta-trafilata-al-bronzo-0137930", "product_description": "Artikelnr.: 137930"}
{"product_name": "OneDayMore Porridge", "brand": "onedaymore", "regular_price": 3.99, "selling_price": 3.99, "price_per_unit": "pro 450g | 100g = 0.89 CHF", "breadcrumb": "Sortiment > Sortiment > OneDayMore Porridge", "pdp_url": "https://sortiment.lidl.ch/de/onedaymore-porridge-5527294", "product_description": "Artikelnr.: 5527294"}
{"product_name": "familia Müesli c.m. plus", "brand": "", "regular_price": 7.95, "selling_price": 7.95, "price_per_unit": "pro 600g | 100g = 1.33 CHF", "breadcrumb": "Sortiment > Sortiment > familia Müesli c.m. plus", "pdp_url": "https://sortiment.lidl.ch/de/familia-mueesli-c-m-plus-5109156", "product_description": "Artikelnr.: 5109156"}
{"product_name": "familia Müesli c.m. plus", "brand": "", "regular_price": 5.95, "selling_price": 5.95, "price_per_unit": "pro 600g | 100g = 1.00 CHF", "breadcrumb": "Sortiment > Sortiment > familia Müesli c.m. plus", "pdp_url": "https://sortiment.lidl.ch/de/familia-mueesli-c-m-plus-5109155", "product_description": "Artikelnr.: 5109155"}
{"product_name": "Proteinmüesli", "brand": "crownfield", "regular_price": 5.49, "selling_price": 5.49, "price_per_unit": "pro 500g | 100g = 1.10 CHF", "breadcrumb": "Sortiment > Sortiment > Proteinmüesli", "pdp_url": "https://sortiment.lidl.ch/de/proteinmueesli-0166472", "product_description": "Artikelnr.: 166472"}
{"product_name": "Bio Müesli", "brand": "crownfield", "regular_price": 3.29, "selling_price": 3.29, "price_per_unit": "pro 500g | 100g = 0.66 CHF", "breadcrumb": "Sortiment > Sortiment > Bio Müesli", "pdp_url": "https://sortiment.lidl.ch/de/bio-mueesli-0155017", "product_description": "Artikelnr.: 155017"}
{"product_name": "Schlagrahmfestiger", "brand": "belbake", "regular_price": 0.59, "selling_price": 0.59, "price_per_unit": "pro 40g | 100g = 1.48 CHF", "breadcrumb": "Sortiment > Sortiment > Schlagrahmfestiger", "pdp_url": "https://sortiment.lidl.ch/de/schlagrahmfestiger-0064975", "product_description": "Artikelnr.: 64975"}
{"product_name": "Blattgelatine", "brand": "belbake", "regular_price": 1.19, "selling_price": 1.19, "price_per_unit": "pro 20g | 100g = 5.95 CHF", "breadcrumb": "Sortiment > Sortiment > Blattgelatine", "pdp_url": "https://sortiment.lidl.ch/de/blattgelatine-0048330", "product_description": "Artikelnr.: 48330"}
{"product_name": "Pancake Teig-Mix", "brand": "mcennedy", "regular_price": 1.99, "selling_price": 1.99, "price_per_unit": "pro 200g | 100g = 1.00 CHF", "breadcrumb": "Sortiment > Sortiment > Pancake Teig-Mix", "pdp_url": "https://sortiment.lidl.ch/de/pancake-teig-mix-0012968", "product_description": "Artikelnr.: 12968"}
{"product_name": "Wellness-Tee Herbal Infusion", "brand": "lord_nelson", "regular_price": 1.49, "selling_price": 1.49, "price_per_unit": "pro 40g | 100g = 3.73 CHF", "breadcrumb": "Sortiment > Sortiment > Wellness-Tee Herbal Infusion", "pdp_url": "https://sortiment.lidl.ch/de/wellness-tee-herbal-infusion-6002999", "product_description": "Artikelnr.: 6002999"}
{"product_name": "Bio Tee", "brand": "lord_nelson", "regular_price": 1.09, "selling_price": 1.09, "price_per_unit": "pro 20x1,5g | 100g = 3.64 CHF", "breadcrumb": "Sortiment > Sortiment > Bio Tee", "pdp_url": "https://sortiment.lidl.ch/de/bio-tee-0162425", "product_description": "Artikelnr.: 162425"}
{"product_name": "Rooibos Tee", "brand": "lord_nelson", "regular_price": 1.19, "selling_price": 1.19, "price_per_unit": "pro 25x2g | 100g = 2.38 CHF", "breadcrumb": "Sortiment > Sortiment > Rooibos Tee", "pdp_url": "https://sortiment.lidl.ch/de/rooibos-tee-0162423", "product_description": "Artikelnr.: 162423"}
{"product_name": "Rooibos Tee", "brand": "lord_nelson", "regular_price": 1.19, "selling_price": 1.19, "price_per_unit": "pro 25x2g | 100g = 2.38 CHF", "breadcrumb": "Sortiment > Sortiment > Rooibos Tee", "pdp_url": "https://sortiment.lidl.ch/de/rooibos-tee-0162422", "product_description": "Artikelnr.: 162422"}
{"product_name": "Inst. Cappucino / Latte Macchiato", "brand": "bellarom", "regular_price": 2.79, "selling_price": 2.79, "price_per_unit": "pro 500g | 100g = 0.56 CHF", "breadcrumb": "Sortiment > Sortiment > Inst. Cappucino / Latte Macchiato", "pdp_url": "https://sortiment.lidl.ch/de/inst-cappucino-latte-macchiato-0159675", "product_description": "Artikelnr.: 159675"}
{"product_name": "Kaffeekapseln Lungo Decaffeinato", "brand": "bellarom", "regular_price": 5.99, "selling_price": 5.99, "price_per_unit": "pro 24 Stück | 100g = 24.96, 4.16 CHF", "breadcrumb": "Sortiment > Sortiment > Kaffeekapseln Lungo Decaffeinato", "pdp_url": "https://sortiment.lidl.ch/de/kaffeekapseln-lungo-decaffeinato-5108973", "product_description": "Artikelnr.: 5108973"}
{"product_name": "Margarine", "brand": "vita_dor", "regular_price": 2.39, "selling_price": 2.39, "price_per_unit": "pro 500g | 100g = 0.48 CHF", "breadcrumb": "Sortiment > Sortiment > Margarine", "pdp_url": "https://sortiment.lidl.ch/de/margarine-0150673", "product_description": "Artikelnr.: 150673"}
{"product_name": "Flüssige Pflanzencreme", "brand": "vita_dor", "regular_price": 3.19, "selling_price": 3.19, "price_per_unit": "pro 500ml | 1L = 6.38 CHF", "breadcrumb": "Sortiment > Sortiment > Flüssige Pflanzencreme", "pdp_url": "https://sortiment.lidl.ch/de/fluessige-pflanzencreme-0147922", "product_description": "Artikelnr.: 147922"}
{"product_name": "Natives Rapskernöl", "brand": "vita_dor", "regular_price": 3.79, "selling_price": 3.79, "price_per_unit": "pro 0,5l | 1L = 7.58 CHF", "breadcrumb": "Sortiment > Sortiment > Natives Rapskernöl", "pdp_url": "https://sortiment.lidl.ch/de/natives-rapskernoel-7700689", "product_description": "Artikelnr.: 7700689"}
{"product_name": "Bio Olivenöl", "brand": "primadonna", "regular_price": 9.95, "selling_price": 9.95, "price_per_unit": "pro 0,75l | 1L = 13.27 CHF", "breadcrumb": "Sortiment > Sortiment > Bio Olivenöl", "pdp_url": "https://sortiment.lidl.ch/de/bio-olivenoel-0153950", "product_description": "Artikelnr.: 153950"}
{"product_name": "Veganes Pesto", "brand": "vemondo", "regular_price": 1.59, "selling_price": 1.59, "price_per_unit": "pro 190g | 100g = 0.84 CHF", "breadcrumb": "Sortiment > Sortiment > Veganes Pesto", "pdp_url": "https://sortiment.lidl.ch/de/veganes-pesto-0162808", "product_description": "Artikelnr.: 162808"}
{"product_name": "Appenzeller Fondue", "brand": "", "regular_price": 10.49, "selling_price": 10.49, "price_per_unit": "pro 800g | 100g = 1.32 CHF", "breadcrumb": "Sortiment > Sortiment > Appenzeller Fondue", "pdp_url": "https://sortiment.lidl.ch/de/appenzeller-fondue-5104997", "product_description": "Artikelnr.: 5104997"}
{"product_name": "La Vache qui rit Schmelzkäseecken natur 16 Stk", "brand": "la_vache_qui_rit", "regular_price": 4.69, "selling_price": 4.69, "price_per_unit": "pro 267g | 100g = 1.76 CHF", "breadcrumb": "Sortiment > Sortiment > La Vache qui rit Schmelzkäseecken natur 16 Stk", "pdp_url": "https://sortiment.lidl.ch/de/la-vache-qui-rit-schmelzkaeseecken-natur-16-stk-0008317", "product_description": "Artikelnr.: 8317"}
{"product_name": "High Protein Drink", "brand": "milbona", "regular_price": 1.29, "selling_price": 1.29, "price_per_unit": "pro 350g | 100g = 0.37 CHF", "breadcrumb": "Sortiment > Sortiment > High Protein Drink", "pdp_url": "https://sortiment.lidl.ch/de/high-protein-drink-5007051", "product_description": "Artikelnr.: 5007051"}
{"product_name": "High Protein Milk Drink", "brand": "milbona", "regular_price": 2.29, "selling_price": 2.29, "price_per_unit": "pro 1000ml |", "breadcrumb": "Sortiment > Sortiment > High Protein Milk Drink", "pdp_url": "https://sortiment.lidl.ch/de/high-protein-milk-drink-5108469", "product_description": "Artikelnr.: 5108469"}
{"product_name": "Bio Milchdrink 2,7%", "brand": "milbona", "regular_price": 1.95, "selling_price": 1.95, "price_per_unit": "pro 1l |", "breadcrumb": "Sortiment > Sortiment > Bio Milchdrink 2,7%", "pdp_url": "https://sortiment.lidl.ch/de/bio-milchdrink-2-7-0006505", "product_description": "Artikelnr.: 6505"}
{"product_name": "Appenzeller Mostbröckli", "brand": "", "regular_price": 6.99, "selling_price": 6.99, "price_per_unit": "pro 100g, 90g | 100g = 7.77, 6.99 CHF", "breadcrumb": "Sortiment > Sortiment > Appenzeller Mostbröckli", "pdp_url": "https://sortiment.lidl.ch/de/appenzeller-mostbroeckli-5109265", "product_description": "Artikelnr.: 5109265"}
{"product_name": "Bio Aufschnitte", "brand": "maestade", "regular_price": 5.49, "selling_price": 5.49, "price_per_unit": "pro 70g | 100g = 7.85 CHF", "breadcrumb": "Sortiment > Sortiment > Bio Aufschnitte", "pdp_url": "https://sortiment.lidl.ch/de/bio-aufschnitte-5109254", "product_description": "Artikelnr.: 5109254"}
{"product_name": "Tessiner Platte", "brand": "maestade", "regular_price": 3.95, "selling_price": 3.95, "price_per_unit": "pro 150g | 100g = 2.64 CHF", "breadcrumb": "Sortiment > Sortiment > Tessiner Platte", "pdp_url": "https://sortiment.lidl.ch/de/tessiner-platte-5109215", "product_description": "Artikelnr.: 5109215"}
{"product_name": "Schweizer Rohschinken", "brand": "maestade", "regular_price": 3.25, "selling_price": 3.25, "price_per_unit": "pro 100g |", "breadcrumb": "Sortiment > Sortiment > Schweizer Rohschinken", "pdp_url": "https://sortiment.lidl.ch/de/schweizer-rohschinken-5108297", "product_description": "Artikelnr.: 5108297"}
{"product_name": "Bündner Salsiz", "brand": "", "regular_price": 2.99, "selling_price": 2.99, "price_per_unit": "pro 80g | 100g = 3.74 CHF", "breadcrumb": "Sortiment > Sortiment > Bündner Salsiz", "pdp_url": "https://sortiment.lidl.ch/de/buendner-salsiz-5109202", "product_description": "Artikelnr.: 5109202"}
{"product_name": "Wild Salametti", "brand": "dulano", "regular_price": 5.99, "selling_price": 5.99, "price_per_unit": "pro 2x90g | 100g = 3.33 CHF", "breadcrumb": "Sortiment > Sortiment > Wild Salametti", "pdp_url": "https://sortiment.lidl.ch/de/wild-salametti-0002322", "product_description": "Artikelnr.: 2322"}
{"product_name": "Bio Magerquark", "brand": "milbona", "regular_price": 0.99, "selling_price": 0.99, "price_per_unit": "pro 250g | 100g = 0.40 CHF", "breadcrumb": "Sortiment > Sortiment > Bio Magerquark", "pdp_url": "https://sortiment.lidl.ch/de/bio-magerquark-5109748", "product_description": "Artikelnr.: 5109748"}
{"product_name": "Bio Crème Fraîche", "brand": "milbona", "regular_price": 2.99, "selling_price": 2.99, "price_per_unit": "pro 200g | 100g = 1.50 CHF", "breadcrumb": "Sortiment > Sortiment > Bio Crème Fraîche", "pdp_url": "https://sortiment.lidl.ch/de/bio-creme-fraiche-5108474", "product_description": "Artikelnr.: 5108474"}
{"product_name": "Bio Salatdressing", "brand": "", "regular_price": 2.49, "selling_price": 2.49, "price_per_unit": "pro 500ml | 1L = 4.98 CHF", "breadcrumb": "Sortiment > Sortiment > Bio Salatdressing", "pdp_url": "https://sortiment.lidl.ch/de/bio-salatdressing-5109029", "product_description": "Artikelnr.: 5109029"}
{"product_name": "Bio Vermicelles", "brand": "chef_select", "regular_price": 4.99, "selling_price": 4.99, "price_per_unit": "pro 2x175g | 100g = 1.43 CHF", "breadcrumb": "Sortiment > Sortiment > Bio Vermicelles", "pdp_url": "https://sortiment.lidl.ch/de/bio-vermicelles-5108212", "product_description": "Artikelnr.: 5108212"}
{"product_name": "Bio Minze", "brand": "", "regular_price": 1.99, "selling_price": 1.99, "price_per_unit": "pro 20g | 100g = 9.95 CHF", "breadcrumb": "Sortiment > Sortiment > Bio Minze", "pdp_url": "https://sortiment.lidl.ch/de/bio-minze-5107712", "product_description": "Artikelnr.: 5107712"}
{"product_name": "Bio Koriander", "brand": "", "regular_price": 1.99, "selling_price": 1.99, "price_per_unit": "pro 20g | 100g = 9.95 CHF", "breadcrumb": "Sortiment > Sortiment > Bio Koriander", "pdp_url": "https://sortiment.lidl.ch/de/bio-koriander-5107711", "product_description": "Artikelnr.: 5107711"}
{"product_name": "Bio Schnittlauch", "brand": "", "regular_price": 1.19, "selling_price": 1.19, "price_per_unit": "pro 12g | 100g = 9.92 CHF", "breadcrumb": "Sortiment > Sortiment > Bio Schnittlauch", "pdp_url": "https://sortiment.lidl.ch/de/bio-schnittlauch-5107710", "product_description": "Artikelnr.: 5107710"}
{"product_name": "Bio Petersilie glatt", "brand": "", "regular_price": 0.89, "selling_price": 0.89, "price_per_unit": "pro 20g | 100g = 4.45 CHF", "breadcrumb": "Sortiment > Sortiment > Bio Petersilie glatt", "pdp_url": "https://sortiment.lidl.ch/de/bio-petersilie-glatt-5107709", "product_description": "Artikelnr.: 5107709"}
{"product_name": "Bio Peterli gekraust", "brand": "", "regular_price": 0.89, "selling_price": 0.89, "price_per_unit": "pro 20g | 100g = 4.45 CHF", "breadcrumb": "Sortiment > Sortiment > Bio Peterli gekraust", "pdp_url": "https://sortiment.lidl.ch/de/bio-peterli-gekraust-5107708", "product_description": "Artikelnr.: 5107708"}
{"product_name": "Premium Oliven", "brand": "chef_select", "regular_price": 2.39, "selling_price": 2.39, "price_per_unit": "pro 150g | 100g = 1.60 CHF", "breadcrumb": "Sortiment > Sortiment > Premium Oliven", "pdp_url": "https://sortiment.lidl.ch/de/premium-oliven-0153199", "product_description": "Artikelnr.: 153199"}
{"product_name": "Nudelsalat", "brand": "chef_select", "regular_price": 1.65, "selling_price": 1.65, "price_per_unit": "pro 250g | 100g = 0.66 CHF", "breadcrumb": "Sortiment > Sortiment > Nudelsalat", "pdp_url": "https://sortiment.lidl.ch/de/nudelsalat-0153240", "product_description": "Artikelnr.: 153240"}
{"product_name": "Marroni in Caramelsauce", "brand": "chef_select", "regular_price": 4.99, "selling_price": 4.99, "price_per_unit": "pro 290g | 100g = 1.73 CHF", "breadcrumb": "Sortiment > Sortiment > Marroni in Caramelsauce", "pdp_url": "https://sortiment.lidl.ch/de/marroni-in-caramelsauce-0003020", "product_description": "Artikelnr.: 3020"}
{"product_name": "Tortelloni giganti", "brand": "deluxe", "regular_price": 2.99, "selling_price": 2.99, "price_per_unit": "pro 250g | 100g = 1.20 CHF", "breadcrumb": "Sortiment > Sortiment > Tortelloni giganti", "pdp_url": "https://sortiment.lidl.ch/de/tortelloni-giganti-6000209", "product_description": "Artikelnr.: 6000209"}
{"product_name": "Leisi Kuchenteig", "brand": "", "regular_price": 2.89, "selling_price": 2.89, "price_per_unit": "pro 230g | 100g = 1.26 CHF", "breadcrumb": "Sortiment > Sortiment > Leisi Kuchenteig", "pdp_url": "https://sortiment.lidl.ch/de/leisi-kuchenteig-5108643", "product_description": "Artikelnr.: 5108643"}
{"product_name": "ASC Crevetten mit Dip", "brand": "", "regular_price": 2.89, "selling_price": 2.89, "price_per_unit": "pro 100g |", "breadcrumb": "Sortiment > Sortiment > ASC Crevetten mit Dip", "pdp_url": "https://sortiment.lidl.ch/de/asc-crevetten-mit-dip-0140211", "product_description": "Artikelnr.: 140211"}
{"product_name": "ASC Norwegisches Lachsrückenfilet", "brand": "deluxe", "regular_price": 7.99, "selling_price": 7.99, "price_per_unit": "pro 150g | 100g = 5.33 CHF", "breadcrumb": "Sortiment > Sortiment > ASC Norwegisches Lachsrückenfilet", "pdp_url": "https://sortiment.lidl.ch/de/asc-norwegisches-lachsrueckenfilet-0139637", "product_description": "Artikelnr.: 139637"}
{"product_name": "Bio Parmigiano Reggiano DOP", "brand": "lovilio", "regular_price": 3.59, "selling_price": 3.59, "price_per_unit": "pro 125g | 100g = 2.88 CHF", "breadcrumb": "Sortiment > Sortiment > Bio Parmigiano Reggiano DOP", "pdp_url": "https://sortiment.lidl.ch/de/bio-parmigiano-reggiano-dop-0127241", "product_description": "Artikelnr.: 127241"}
{"product_name": "Schweizer Reibkäse", "brand": "fromani", "regular_price": 2.89, "selling_price": 2.89, "price_per_unit": "pro 250g | 100g = 1.16 CHF", "breadcrumb": "Sortiment > Sortiment > Schweizer Reibkäse", "pdp_url": "https://sortiment.lidl.ch/de/schweizer-reibkaese-0072427", "product_description": "Artikelnr.: 72427"}
{"product_name": "Grana Padano DOP", "brand": "milbona", "regular_price": 3.89, "selling_price": 3.89, "price_per_unit": "pro 200g | 100g = 1.95 CHF", "breadcrumb": "Sortiment > Sortiment > Grana Padano DOP", "pdp_url": "https://sortiment.lidl.ch/de/grana-padano-dop-0029350", "product_description": "Artikelnr.: 29350"}
{"product_name": "Cheddar Scheiben", "brand": "milbona", "regular_price": 4.49, "selling_price": 4.49, "price_per_unit": "pro 250g | 100g = 1.80 CHF", "breadcrumb": "Sortiment > Sortiment > Cheddar Scheiben", "pdp_url": "https://sortiment.lidl.ch/de/cheddar-scheiben-5222284", "product_description": "Artikelnr.: 5222284"}
{"product_name": "1/2 Walliser Mutschli", "brand": "", "regular_price": 1.89, "selling_price": 1.89, "price_per_unit": "pro 100g, ca. 366g |", "breadcrumb": "Sortiment > Sortiment > 1/2 Walliser Mutschli", "pdp_url": "https://sortiment.lidl.ch/de/1-2-walliser-mutschli-5109283", "product_description": "Artikelnr.: 5109283"}
{"product_name": "Parmigiano Reggiano DOP", "brand": "milbona", "regular_price": 5.99, "selling_price": 5.99, "price_per_unit": "pro 250g | 100g = 2.40 CHF", "breadcrumb": "Sortiment > Sortiment > Parmigiano Reggiano DOP", "pdp_url": "https://sortiment.lidl.ch/de/parmigiano-reggiano-dop-0069995", "product_description": "Artikelnr.: 69995"}
{"product_name": "Mini Burrata", "brand": "deluxe", "regular_price": 4.69, "selling_price": 4.69, "price_per_unit": "pro 4x50g | 100g = 2.35 CHF", "breadcrumb": "Sortiment > Sortiment > Mini Burrata", "pdp_url": "https://sortiment.lidl.ch/de/mini-burrata-6012305", "product_description": "Artikelnr.: 6012305"}
{"product_name": "Frischkäse", "brand": "milbona", "regular_price": 1.79, "selling_price": 1.79, "price_per_unit": "pro 300g | 100g = 0.60 CHF", "breadcrumb": "Sortiment > Sortiment > Frischkäse", "pdp_url": "https://sortiment.lidl.ch/de/frischkaese-0074726", "product_description": "Artikelnr.: 74726"}
{"product_name": "Nestlé Hirz Hüttenkäse Schnittlauch", "brand": "", "regular_price": 2.0, "selling_price": 1.49, "price_per_unit": "pro 200g | 100g = 0.75 CHF", "breadcrumb": "Sortiment > Sortiment > Nestlé Hirz Hüttenkäse Schnittlauch", "pdp_url": "https://sortiment.lidl.ch/de/nestle-hirz-huettenkaese-schnittlauch-0008431", "product_description": "Artikelnr.: 8431 *Konkurrenzvergleich:  19.09.2024"}
{"product_name": "Rote Beeren- / Apfel-Kiwisaft", "brand": "solevita", "regular_price": 3.29, "selling_price": 3.29, "price_per_unit": "pro 1000ml |", "breadcrumb": "Sortiment > Sortiment > Rote Beeren- / Apfel-Kiwisaft", "pdp_url": "https://sortiment.lidl.ch/de/rote-beeren-apfel-kiwisaft-5109558", "product_description": "Artikelnr.: 5109558"}
{"product_name": "Ananas- / Multifruchtsaft", "brand": "solevita", "regular_price": 2.95, "selling_price": 2.95, "price_per_unit": "pro 1000ml |", "breadcrumb": "Sortiment > Sortiment > Ananas- / Multifruchtsaft", "pdp_url": "https://sortiment.lidl.ch/de/ananas-multifruchtsaft-5109554", "product_description": "Artikelnr.: 5109554"}
{"product_name": "Bio Kokoscrème", "brand": "vemondo", "regular_price": 0.99, "selling_price": 0.99, "price_per_unit": "pro 150g | 100g = 0.66 CHF", "breadcrumb": "Sortiment > Sortiment > Bio Kokoscrème", "pdp_url": "https://sortiment.lidl.ch/de/bio-kokoscreme-5526609", "product_description": "Artikelnr.: 5526609"}
{"product_name": "Fruchtjoghurt 3.5% Laktosefrei", "brand": "milbona", "regular_price": 0.59, "selling_price": 0.59, "price_per_unit": "pro 150g | 100g = 0.40 CHF", "breadcrumb": "Sortiment > Sortiment > Fruchtjoghurt 3.5% Laktosefrei", "pdp_url": "https://sortiment.lidl.ch/de/fruchtjoghurt-3-5-laktosefrei-5109770", "product_description": "Artikelnr.: 5109770"}
{"product_name": "High Protein Fruchtquark", "brand": "milbona", "regular_price": 1.35, "selling_price": 1.35, "price_per_unit": "pro 200g | 100g = 0.68 CHF", "breadcrumb": "Sortiment > Sortiment > High Protein Fruchtquark", "pdp_url": "https://sortiment.lidl.ch/de/high-protein-fruchtquark-0150835", "product_description": "Artikelnr.: 150835"}
{"product_name": "Kaffeegetränk", "brand": "milbona", "regular_price": 0.89, "selling_price": 0.89, "price_per_unit": "pro 250ml | 1L = 3.56 CHF", "breadcrumb": "Sortiment > Sortiment > Kaffeegetränk", "pdp_url": "https://sortiment.lidl.ch/de/kaffeegetraenk-0165369", "product_description": "Artikelnr.: 165369"}
{"product_name": "Pink Grapefruitsaft", "brand": "solevita", "regular_price": 2.95, "selling_price": 2.95, "price_per_unit": "pro 1000ml |", "breadcrumb": "Sortiment > Sortiment > Pink Grapefruitsaft", "pdp_url": "https://sortiment.lidl.ch/de/pink-grapefruitsaft-0005662", "product_description": "Artikelnr.: 5662"}
{"product_name": "Bio Bifidus Naturjoghurt 3.5%", "brand": "milbona", "regular_price": 0.65, "selling_price": 0.65, "price_per_unit": "pro 150g | 100g = 0.44 CHF", "breadcrumb": "Sortiment > Sortiment > Bio Bifidus Naturjoghurt 3.5%", "pdp_url": "https://sortiment.lidl.ch/de/bio-bifidus-naturjoghurt-3-5-5109759", "product_description": "Artikelnr.: 5109759"}
{"product_name": "Bio Naturjoghurt 3.5%", "brand": "milbona", "regular_price": 0.65, "selling_price": 0.65, "price_per_unit": "pro 200g | 100g = 0.33 CHF", "breadcrumb": "Sortiment > Sortiment > Bio Naturjoghurt 3.5%", "pdp_url": "https://sortiment.lidl.ch/de/bio-naturjoghurt-3-5-5108478", "product_description": "Artikelnr.: 5108478"}
{"product_name": "Pouletbrust", "brand": "dulano", "regular_price": 1.79, "selling_price": 1.79, "price_per_unit": "pro 100g |", "breadcrumb": "Sortiment > Sortiment > Pouletbrust", "pdp_url": "https://sortiment.lidl.ch/de/pouletbrust-5104919", "product_description": "Artikelnr.: 5104919"}
{"product_name": "Rollschinkli aus der Schulter", "brand": "", "regular_price": 1.59, "selling_price": 1.59, "price_per_unit": "pro 100g, ca. 800-1200g |", "breadcrumb": "Sortiment > Sortiment > Rollschinkli aus der Schulter", "pdp_url": "https://sortiment.lidl.ch/de/rollschinkli-aus-der-schulter-5108398", "product_description": "Artikelnr.: 5108398"}
{"product_name": "Culatello Rohschinken", "brand": "deluxe", "regular_price": 6.99, "selling_price": 6.99, "price_per_unit": "pro 80g | 100g = 8.74 CHF", "breadcrumb": "Sortiment > Sortiment > Culatello Rohschinken", "pdp_url": "https://sortiment.lidl.ch/de/culatello-rohschinken-5109206", "product_description": "Artikelnr.: 5109206"}
{"product_name": "Fenchelsalami Finocchiona IGP", "brand": "deluxe", "regular_price": 4.99, "selling_price": 4.99, "price_per_unit": "pro 100g |", "breadcrumb": "Sortiment > Sortiment > Fenchelsalami Finocchiona IGP", "pdp_url": "https://sortiment.lidl.ch/de/fenchelsalami-finocchiona-igp-0128943", "product_description": "Artikelnr.: 128943"}
{"product_name": "Salami mit Trüffel", "brand": "deluxe", "regular_price": 4.99, "selling_price": 4.99, "price_per_unit": "pro 70g | 100g = 7.13 CHF", "breadcrumb": "Sortiment > Sortiment > Salami mit Trüffel", "pdp_url": "https://sortiment.lidl.ch/de/salami-mit-trueffel-0002785", "product_description": "Artikelnr.: 2785"}
{"product_name": "Waadtländer Saucisson", "brand": "", "regular_price": 2.09, "selling_price": 2.09, "price_per_unit": "pro 100g, ca. 400-500g |", "breadcrumb": "Sortiment > Sortiment > Waadtländer Saucisson", "pdp_url": "https://sortiment.lidl.ch/de/waadtlaender-saucisson-5109417", "product_description": "Artikelnr.: 5109417"}
{"product_name": "Grillbratwurst / Kalbsbratwurst", "brand": "maestade", "regular_price": 3.39, "selling_price": 3.39, "price_per_unit": "pro 400g, 440g | 100g = 0.85, 0.78 CHF", "breadcrumb": "Sortiment > Sortiment > Grillbratwurst / Kalbsbratwurst", "pdp_url": "https://sortiment.lidl.ch/de/grillbratwurst-kalbsbratwurst-5109196", "product_description": "Artikelnr.: 5109196"}
{"product_name": "Geflügel-Aufschnitt", "brand": "maestade", "regular_price": 2.49, "selling_price": 2.49, "price_per_unit": "pro 200g | 100g = 1.25 CHF", "breadcrumb": "Sortiment > Sortiment > Geflügel-Aufschnitt", "pdp_url": "https://sortiment.lidl.ch/de/gefluegel-aufschnitt-5109224", "product_description": "Artikelnr.: 5109224"}
{"product_name": "ASC Pangasiusfilet", "brand": "ocean_sea", "regular_price": 8.49, "selling_price": 8.49, "price_per_unit": "pro 900g (Abtropfgewicht) | 100g = 0.95 CHF", "breadcrumb": "Sortiment > Sortiment > ASC Pangasiusfilet", "pdp_url": "https://sortiment.lidl.ch/de/asc-pangasiusfilet-0162068", "product_description": "Artikelnr.: 162068"}
{"product_name": "ASC Lachsfilet Portionen", "brand": "ocean_sea", "regular_price": 11.49, "selling_price": 11.49, "price_per_unit": "pro 3x125g | 100g = 3.07 CHF", "breadcrumb": "Sortiment > Sortiment > ASC Lachsfilet Portionen", "pdp_url": "https://sortiment.lidl.ch/de/asc-lachsfilet-portionen-0158757", "product_description": "Artikelnr.: 158757"}
{"product_name": "ASC Black Tiger Crevetten", "brand": "ocean_sea", "regular_price": 9.99, "selling_price": 9.99, "price_per_unit": "pro 450g (Abtropfgewicht) | 100g = 2.22 CHF", "breadcrumb": "Sortiment > Sortiment > ASC Black Tiger Crevetten", "pdp_url": "https://sortiment.lidl.ch/de/asc-black-tiger-crevetten-0138311", "product_description": "Artikelnr.: 138311"}
{"product_name": "ASC Crevetten", "brand": "ocean_sea", "regular_price": 4.99, "selling_price": 4.99, "price_per_unit": "pro 180g (Abtropfgewicht) | 100g = 2.78 CHF", "breadcrumb": "Sortiment > Sortiment > ASC Crevetten", "pdp_url": "https://sortiment.lidl.ch/de/asc-crevetten-0137915", "product_description": "Artikelnr.: 137915"}
{"product_name": "Panzerotti", "brand": "trattoria_alfredo", "regular_price": 5.99, "selling_price": 5.99, "price_per_unit": "pro 4x120g | 100g = 1.25 CHF", "breadcrumb": "Sortiment > Sortiment > Panzerotti", "pdp_url": "https://sortiment.lidl.ch/de/panzerotti-0166213", "product_description": "Artikelnr.: 166213"}
{"product_name": "Steinofenpizza Speciale / Diavolo", "brand": "trattoria_alfredo", "regular_price": 4.49, "selling_price": 4.49, "price_per_unit": "pro 2x330g, 2x350g | 100g = 0.69, 0.65 CHF", "breadcrumb": "Sortiment > Sortiment > Steinofenpizza Speciale / Diavolo", "pdp_url": "https://sortiment.lidl.ch/de/steinofenpizza-speciale-diavolo-0155023", "product_description": "Artikelnr.: 155023"}
{"product_name": "Steinofen-Pizza Hawaii / Funghi", "brand": "trattoria_alfredo", "regular_price": 4.59, "selling_price": 4.59, "price_per_unit": "pro 2x355g, 2x365g | 100g = 0.65, 0.63 CHF", "breadcrumb": "Sortiment > Sortiment > Steinofen-Pizza Hawaii / Funghi", "pdp_url": "https://sortiment.lidl.ch/de/steinofen-pizza-hawaii-funghi-0142057", "product_description": "Artikelnr.: 142057"}
{"product_name": "Pizza Baguette", "brand": "trattoria_alfredo", "regular_price": 4.95, "selling_price": 4.95, "price_per_unit": "pro 750g | 100g = 0.66 CHF", "breadcrumb": "Sortiment > Sortiment > Pizza Baguette", "pdp_url": "https://sortiment.lidl.ch/de/pizza-baguette-0062356", "product_description": "Artikelnr.: 62356"}
{"product_name": "Eis American Style", "brand": "gelatelli", "regular_price": 3.95, "selling_price": 3.95, "price_per_unit": "pro 500ml | 1L = 7.90 CHF", "breadcrumb": "Sortiment > Sortiment > Eis American Style", "pdp_url": "https://sortiment.lidl.ch/de/eis-american-style-6601570", "product_description": "Artikelnr.: 6601570"}
{"product_name": "BIO Trauben dunkel kernlos 500g", "brand": "bio_organic", "regular_price": 2.29, "selling_price": 2.29, "price_per_unit": "pro 500g | 1Kg = 4.58 CHF", "breadcrumb": "Sortiment > Sortiment > BIO Trauben dunkel kernlos 500g", "pdp_url": "https://sortiment.lidl.ch/de/bio-trauben-dunkel-kernlos-500g-0081623", "product_description": "Artikelnr.: 81623"}
{"product_name": "Trauben hell XXL 2kg", "brand": "", "regular_price": 4.99, "selling_price": 4.99, "price_per_unit": "pro 2kg | 1Kg = 2.50 CHF", "breadcrumb": "Sortiment > Sortiment > Trauben hell XXL 2kg", "pdp_url": "https://sortiment.lidl.ch/de/trauben-hell-xxl-2kg-0080521", "product_description": "Artikelnr.: 80521"}
{"product_name": "Trauben hell kernlos 700g", "brand": "", "regular_price": 2.99, "selling_price": 2.99, "price_per_unit": "pro 700g | 1Kg = 4.28 CHF", "breadcrumb": "Sortiment > Sortiment > Trauben hell kernlos 700g", "pdp_url": "https://sortiment.lidl.ch/de/trauben-hell-kernlos-700g-0080506", "product_description": "Artikelnr.: 80506"}
{"product_name": "Tortilla Wraps", "brand": "snack_day", "regular_price": 1.55, "selling_price": 1.55, "price_per_unit": "pro 320g | 100g = 0.49 CHF", "breadcrumb": "Sortiment > Sortiment > Tortilla Wraps", "pdp_url": "https://sortiment.lidl.ch/de/tortilla-wraps-0029059", "product_description": "Artikelnr.: 29059"}
{"product_name": "Roséwein", "brand": "", "regular_price": 2.79, "selling_price": 2.79, "price_per_unit": "pro 1l |", "breadcrumb": "Sortiment > Sortiment > Roséwein", "pdp_url": "https://sortiment.lidl.ch/de/rosewein-0029511", "product_description": "Artikelnr.: 29511"}
{"product_name": "Olivenöl zum Braten", "brand": "primadonna", "regular_price": 9.49, "selling_price": 9.49, "price_per_unit": "pro 1l |", "breadcrumb": "Sortiment > Sortiment > Olivenöl zum Braten", "pdp_url": "https://sortiment.lidl.ch/de/olivenoel-zum-braten-0097197", "product_description": "Artikelnr.: 97197"}
{"product_name": "Kreuzkümmel", "brand": "kania", "regular_price": 0.99, "selling_price": 0.99, "price_per_unit": "pro 45g | 100g = 2.20 CHF", "breadcrumb": "Sortiment > Sortiment > Kreuzkümmel", "pdp_url": "https://sortiment.lidl.ch/de/kreuzkuemmel-0088308", "product_description": "Artikelnr.: 88308"}
{"product_name": "Cayennepfeffer", "brand": "kania", "regular_price": 0.69, "selling_price": 0.69, "price_per_unit": "pro 50g | 100g = 1.38 CHF", "breadcrumb": "Sortiment > Sortiment > Cayennepfeffer", "pdp_url": "https://sortiment.lidl.ch/de/cayennepfeffer-0012059", "product_description": "Artikelnr.: 12059"}
{"product_name": "M&M's", "brand": "", "regular_price": 4.49, "selling_price": 4.49, "price_per_unit": "pro 281g, 330g | 100g = 1.60, 1.37 CHF", "breadcrumb": "Sortiment > Sortiment > M&M's", "pdp_url": "https://sortiment.lidl.ch/de/m-m-s-0001725", "product_description": "Artikelnr.: 1725"}
{"product_name": "Cottowürfeli", "brand": "maestade", "regular_price": 3.29, "selling_price": 3.29, "price_per_unit": "pro 2x80g | 100g = 2.06 CHF", "breadcrumb": "Sortiment > Sortiment > Cottowürfeli", "pdp_url": "https://sortiment.lidl.ch/de/cottowuerfeli-5108323", "product_description": "Artikelnr.: 5108323"}
{"product_name": "Fitness Möckli High Protein", "brand": "maestade", "regular_price": 4.49, "selling_price": 4.49, "price_per_unit": "pro 100g |", "breadcrumb": "Sortiment > Sortiment > Fitness Möckli High Protein", "pdp_url": "https://sortiment.lidl.ch/de/fitness-moeckli-high-protein-5108369", "product_description": "Artikelnr.: 5108369"}
{"product_name": "Speckstäbli", "brand": "maestade", "regular_price": 2.99, "selling_price": 2.99, "price_per_unit": "pro 2x80g | 100g = 1.87 CHF", "breadcrumb": "Sortiment > Sortiment > Speckstäbli", "pdp_url": "https://sortiment.lidl.ch/de/speckstaebli-5108293", "product_description": "Artikelnr.: 5108293"}
{"product_name": "Kiri Dippi", "brand": "kiri", "regular_price": 4.29, "selling_price": 3.19, "price_per_unit": "pro 175g | LP 100g = 1.83 CHF", "breadcrumb": "Sortiment > Sortiment > Kiri Dippi", "pdp_url": "https://sortiment.lidl.ch/de/kiri-dippi-0002889", "product_description": "Artikelnr.: 2889"}
{"product_name": "BIO Buschbohnen 350g", "brand": "bio_organic", "regular_price": 2.99, "selling_price": 2.99, "price_per_unit": "pro 350g | 100g = 0.86 CHF", "breadcrumb": "Sortiment > Sortiment > BIO Buschbohnen 350g", "pdp_url": "https://sortiment.lidl.ch/de/bio-buschbohnen-350g-0084387", "product_description": "Artikelnr.: 84387"}
{"product_name": "Durgol Bad-/ Küchenreiniger", "brand": "durgol", "regular_price": 6.49, "selling_price": 6.49, "price_per_unit": "pro 600ml | 1L = 10.82 CHF", "breadcrumb": "Sortiment > Sortiment > Durgol Bad-/ Küchenreiniger", "pdp_url": "https://sortiment.lidl.ch/de/durgol-bad-kuechenreiniger-5108597", "product_description": "Artikelnr.: 5108597"}
{"product_name": "Primitivo di Manduria DOC", "brand": "", "regular_price": 8.99, "selling_price": 5.99, "price_per_unit": "pro 0,75l | 1L = 7.99 CHF", "breadcrumb": "Sortiment > Sortiment > Primitivo di Manduria DOC", "pdp_url": "https://sortiment.lidl.ch/de/primitivo-di-manduria-doc-0038537", "product_description": "Artikelnr.: 38537"}
{"product_name": "Mehrfruchtsaft", "brand": "solevita", "regular_price": 2.99, "selling_price": 2.99, "price_per_unit": "pro 1000ml |", "breadcrumb": "Sortiment > Sortiment > Mehrfruchtsaft", "pdp_url": "https://sortiment.lidl.ch/de/mehrfruchtsaft-0156357", "product_description": "Artikelnr.: 156357"}
{"product_name": "Kalbs-Cipollata", "brand": "maestade", "regular_price": 3.35, "selling_price": 3.35, "price_per_unit": "pro 200g | 100g = 1.68 CHF", "breadcrumb": "Sortiment > Sortiment > Kalbs-Cipollata", "pdp_url": "https://sortiment.lidl.ch/de/kalbs-cipollata-5107898", "product_description": "Artikelnr.: 5107898"}
{"product_name": "Dunkle Schokolade Arriba 85%", "brand": "j.d._gross", "regular_price": 1.59, "selling_price": 1.59, "price_per_unit": "pro 125g | 100g = 1.28 CHF", "breadcrumb": "Sortiment > Sortiment > Dunkle Schokolade Arriba 85%", "pdp_url": "https://sortiment.lidl.ch/de/dunkle-schokolade-arriba-85-0131915", "product_description": "Artikelnr.: 131915"}
{"product_name": "Bio Schoko-Reiswaffeln", "brand": "sondey", "regular_price": 1.35, "selling_price": 1.35, "price_per_unit": "pro 100g |", "breadcrumb": "Sortiment > Sortiment > Bio Schoko-Reiswaffeln", "pdp_url": "https://sortiment.lidl.ch/de/bio-schoko-reiswaffeln-0019055", "product_description": "Artikelnr.: 19055"}
{"product_name": "Kaffeekapseln Ristretto Italiano", "brand": "bellarom", "regular_price": 7.89, "selling_price": 7.89, "price_per_unit": "pro 50 Stück | 100g = 15.78, 2.51 CHF", "breadcrumb": "Sortiment > Sortiment > Kaffeekapseln Ristretto Italiano", "pdp_url": "https://sortiment.lidl.ch/de/kaffeekapseln-ristretto-italiano-5107982", "product_description": "Artikelnr.: 5107982"}
{"product_name": "Kaffeekapseln Lungo Forte", "brand": "bellarom", "regular_price": 5.99, "selling_price": 5.99, "price_per_unit": "pro 24 Stück | 100g = 24.96, 4.16 CHF", "breadcrumb": "Sortiment > Sortiment > Kaffeekapseln Lungo Forte", "pdp_url": "https://sortiment.lidl.ch/de/kaffeekapseln-lungo-forte-5107981", "product_description": "Artikelnr.: 5107981"}
{"product_name": "Kaffeekapseln Espresso Classico", "brand": "bellarom", "regular_price": 5.99, "selling_price": 5.99, "price_per_unit": "pro 24 Stück | 100g = 24.96, 4.16 CHF", "breadcrumb": "Sortiment > Sortiment > Kaffeekapseln Espresso Classico", "pdp_url": "https://sortiment.lidl.ch/de/kaffeekapseln-espresso-classico-5107980", "product_description": "Artikelnr.: 5107980"}
{"product_name": "Kaffeekapseln Lungo Cremissimo", "brand": "bellarom", "regular_price": 5.99, "selling_price": 5.99, "price_per_unit": "pro 24 Stück | 100g = 24.96, 4.16 CHF", "breadcrumb": "Sortiment > Sortiment > Kaffeekapseln Lungo Cremissimo", "pdp_url": "https://sortiment.lidl.ch/de/kaffeekapseln-lungo-cremissimo-5107979", "product_description": "Artikelnr.: 5107979"}
{"product_name": "Malbuner Party Sticks Poulet", "brand": "malbuner", "regular_price": 2.49, "selling_price": 2.49, "price_per_unit": "pro 40g | 100g = 6.23 CHF", "breadcrumb": "Sortiment > Sortiment > Malbuner Party Sticks Poulet", "pdp_url": "https://sortiment.lidl.ch/de/malbuner-party-sticks-poulet-5104674", "product_description": "Artikelnr.: 5104674"}
{"product_name": "Malbuner Party Sticks Classic", "brand": "malbuner", "regular_price": 2.39, "selling_price": 2.39, "price_per_unit": "pro 40g | 100g = 5.98 CHF", "breadcrumb": "Sortiment > Sortiment > Malbuner Party Sticks Classic", "pdp_url": "https://sortiment.lidl.ch/de/malbuner-party-sticks-classic-5101586", "product_description": "Artikelnr.: 5101586"}
{"product_name": "MSC Surimi Sticks", "brand": "", "regular_price": 3.49, "selling_price": 3.49, "price_per_unit": "pro 405g | 100g = 0.87 CHF", "breadcrumb": "Sortiment > Sortiment > MSC Surimi Sticks", "pdp_url": "https://sortiment.lidl.ch/de/msc-surimi-sticks-5601454", "product_description": "Artikelnr.: 5601454"}
{"product_name": "Goldkrüstchen", "brand": "grafschafter", "regular_price": 2.99, "selling_price": 2.99, "price_per_unit": "pro 560g | 100g = 0.54 CHF", "breadcrumb": "Sortiment > Sortiment > Goldkrüstchen", "pdp_url": "https://sortiment.lidl.ch/de/goldkruestchen-0129524", "product_description": "Artikelnr.: 129524"}
{"product_name": "Bio Mandeln", "brand": "alesto", "regular_price": 1.99, "selling_price": 1.99, "price_per_unit": "pro 150g | 100g = 1.33 CHF", "breadcrumb": "Sortiment > Sortiment > Bio Mandeln", "pdp_url": "https://sortiment.lidl.ch/de/bio-mandeln-0119748", "product_description": "Artikelnr.: 119748"}
{"product_name": "Hugo Frizzante", "brand": "allini", "regular_price": 0.79, "selling_price": 0.79, "price_per_unit": "pro 0,2l | 1L = 3.95 CHF", "breadcrumb": "Sortiment > Sortiment > Hugo Frizzante", "pdp_url": "https://sortiment.lidl.ch/de/hugo-frizzante-0137655", "product_description": "Artikelnr.: 137655"}
{"product_name": "MSC Thunfischsalat", "brand": "nixe", "regular_price": 1.69, "selling_price": 1.69, "price_per_unit": "pro 160g | 100g = 1.06 CHF", "breadcrumb": "Sortiment > Sortiment > MSC Thunfischsalat", "pdp_url": "https://sortiment.lidl.ch/de/msc-thunfischsalat-0140445", "product_description": "Artikelnr.: 140445"}
{"product_name": "Klarspüler", "brand": "w5", "regular_price": 1.99, "selling_price": 1.99, "price_per_unit": "pro 1l |", "breadcrumb": "Sortiment > Sortiment > Klarspüler", "pdp_url": "https://sortiment.lidl.ch/de/klarspueler-0151573", "product_description": "Artikelnr.: 151573"}
{"product_name": "Kiri Schmelzkäse Blöcke 10 Stück", "brand": "kiri", "regular_price": 3.79, "selling_price": 3.79, "price_per_unit": "pro 180g | 100g = 2.11 CHF", "breadcrumb": "Sortiment > Sortiment > Kiri Schmelzkäse Blöcke 10 Stück", "pdp_url": "https://sortiment.lidl.ch/de/kiri-schmelzkaese-bloecke-10-stueck-0002890", "product_description": "Artikelnr.: 2890"}
{"product_name": "Poulet Oberschenkel", "brand": "bonvalle", "regular_price": 5.49, "selling_price": 5.49, "price_per_unit": "pro 1000g |", "breadcrumb": "Sortiment > Sortiment > Poulet Oberschenkel", "pdp_url": "https://sortiment.lidl.ch/de/poulet-oberschenkel-5108468", "product_description": "Artikelnr.: 5108468"}
{"product_name": "Poulet Oberschenkel", "brand": "bonvalle", "regular_price": 5.49, "selling_price": 5.49, "price_per_unit": "pro 1000g |", "breadcrumb": "Sortiment > Sortiment > Poulet Oberschenkel", "pdp_url": "https://sortiment.lidl.ch/de/poulet-oberschenkel-5108467", "product_description": "Artikelnr.: 5108467"}
{"product_name": "Alm Salami Sticks", "brand": "dulano_selection", "regular_price": 3.89, "selling_price": 3.89, "price_per_unit": "pro 100g, 110g, 120g | 100g = 3.89, 3.54, 3.25 CHF", "breadcrumb": "Sortiment > Sortiment > Alm Salami Sticks", "pdp_url": "https://sortiment.lidl.ch/de/alm-salami-sticks-0150827", "product_description": "Artikelnr.: 150827"}
{"product_name": "Tomme gefüllt", "brand": "deluxe", "regular_price": 3.95, "selling_price": 3.95, "price_per_unit": "pro 120g | 100g = 3.30 CHF", "breadcrumb": "Sortiment > Sortiment > Tomme gefüllt", "pdp_url": "https://sortiment.lidl.ch/de/tomme-gefuellt-5102736", "product_description": "Artikelnr.: 5102736"}
{"product_name": "High Protein Joghurt", "brand": "milbona", "regular_price": 1.39, "selling_price": 1.39, "price_per_unit": "pro 200g | 100g = 0.70 CHF", "breadcrumb": "Sortiment > Sortiment > High Protein Joghurt", "pdp_url": "https://sortiment.lidl.ch/de/high-protein-joghurt-0150828", "product_description": "Artikelnr.: 150828"}
{"product_name": "Eier Freilandhaltung", "brand": "", "regular_price": 3.95, "selling_price": 3.95, "price_per_unit": "pro 10 Stück | 1 Stk = 0.40 CHF", "breadcrumb": "Sortiment > Sortiment > Eier Freilandhaltung", "pdp_url": "https://sortiment.lidl.ch/de/eier-freilandhaltung-0002287", "product_description": "Artikelnr.: 2287"}
{"product_name": "Apfelringe", "brand": "sweet_corner", "regular_price": 1.95, "selling_price": 1.95, "price_per_unit": "pro 400g | 100g = 0.49 CHF", "breadcrumb": "Sortiment > Sortiment > Apfelringe", "pdp_url": "https://sortiment.lidl.ch/de/apfelringe-0023137", "product_description": "Artikelnr.: 23137"}
{"product_name": "Pfirsichringe", "brand": "sweet_corner", "regular_price": 1.95, "selling_price": 1.95, "price_per_unit": "pro 400g | 100g = 0.49 CHF", "breadcrumb": "Sortiment > Sortiment > Pfirsichringe", "pdp_url": "https://sortiment.lidl.ch/de/pfirsichringe-0023136", "product_description": "Artikelnr.: 23136"}
{"product_name": "Sour Worms", "brand": "sweet_corner", "regular_price": 1.95, "selling_price": 1.95, "price_per_unit": "pro 400g | 100g = 0.49 CHF", "breadcrumb": "Sortiment > Sortiment > Sour Worms", "pdp_url": "https://sortiment.lidl.ch/de/sour-worms-0023135", "product_description": "Artikelnr.: 23135"}
{"product_name": "Bio Couscous / Bio Bulgur", "brand": "golden_sun", "regular_price": 1.95, "selling_price": 1.95, "price_per_unit": "pro 500g | 100g = 0.39 CHF", "breadcrumb": "Sortiment > Sortiment > Bio Couscous / Bio Bulgur", "pdp_url": "https://sortiment.lidl.ch/de/bio-couscous-bio-bulgur-0126325", "product_description": "Artikelnr.: 126325"}
{"product_name": "Saftorangen", "brand": "", "regular_price": 2.1, "selling_price": 2.1, "price_per_unit": "pro 1kg |", "breadcrumb": "Sortiment > Sortiment > Saftorangen", "pdp_url": "https://sortiment.lidl.ch/de/saftorangen-0080155", "product_description": "Artikelnr.: 80155"}
{"product_name": "Maltesers Maxi", "brand": "maltesers", "regular_price": 5.95, "selling_price": 5.95, "price_per_unit": "pro 300g | 100g = 1.99 CHF", "breadcrumb": "Sortiment > Sortiment > Maltesers Maxi", "pdp_url": "https://sortiment.lidl.ch/de/maltesers-maxi-0001724", "product_description": "Artikelnr.: 1724"}
{"product_name": "Ferrero Kinder Schokolade", "brand": "", "regular_price": 1.69, "selling_price": 1.69, "price_per_unit": "pro 100g |", "breadcrumb": "Sortiment > Sortiment > Ferrero Kinder Schokolade", "pdp_url": "https://sortiment.lidl.ch/de/ferrero-kinder-schokolade-0038662", "product_description": "Artikelnr.: 38662"}
{"product_name": "Cailler Branches Milch", "brand": "cailler", "regular_price": 1.59, "selling_price": 1.59, "price_per_unit": "pro 46g | 100g = 3.46 CHF", "breadcrumb": "Sortiment > Sortiment > Cailler Branches Milch", "pdp_url": "https://sortiment.lidl.ch/de/cailler-branches-milch-0003947", "product_description": "Artikelnr.: 3947"}
{"product_name": "San Pellegrino Mineralwasser", "brand": "", "regular_price": 1.15, "selling_price": 1.15, "price_per_unit": "pro 1,25l | 1L = 0.92 CHF", "breadcrumb": "Sortiment > Sortiment > San Pellegrino Mineralwasser", "pdp_url": "https://sortiment.lidl.ch/de/san-pellegrino-mineralwasser-0003821", "product_description": "Artikelnr.: 3821"}
{"product_name": "Bordeaux AOP", "brand": "", "regular_price": 3.99, "selling_price": 3.99, "price_per_unit": "pro 0,75l | 1L = 5.32 CHF", "breadcrumb": "Sortiment > Sortiment > Bordeaux AOP", "pdp_url": "https://sortiment.lidl.ch/de/bordeaux-aop-0026937", "product_description": "Artikelnr.: 26937"}
{"product_name": "Bio Beeren", "brand": "", "regular_price": 3.99, "selling_price": 3.99, "price_per_unit": "pro 300g | 100g = 1.33 CHF", "breadcrumb": "Sortiment > Sortiment > Bio Beeren", "pdp_url": "https://sortiment.lidl.ch/de/bio-beeren-0134185", "product_description": "Artikelnr.: 134185"}
{"product_name": "Vodka", "brand": "rachmaninoff", "regular_price": 11.45, "selling_price": 11.45, "price_per_unit": "pro 0,7l | 1L = 16.36 CHF", "breadcrumb": "Sortiment > Sortiment > Vodka", "pdp_url": "https://sortiment.lidl.ch/de/vodka-0143719", "product_description": "Artikelnr.: 143719"}
{"product_name": "MSC Kaltwasser Crevetten XL", "brand": "ocean_sea", "regular_price": 4.99, "selling_price": 4.99, "price_per_unit": "pro 270g Abtropfgewicht | 100g = 1.85 CHF", "breadcrumb": "Sortiment > Sortiment > MSC Kaltwasser Crevetten XL", "pdp_url": "https://sortiment.lidl.ch/de/msc-kaltwasser-crevetten-xl-6506223", "product_description": "Artikelnr.: 6506223"}
{"product_name": "Glasnudeln", "brand": "combino", "regular_price": 0.99, "selling_price": 0.99, "price_per_unit": "pro 100g |", "breadcrumb": "Sortiment > Sortiment > Glasnudeln", "pdp_url": "https://sortiment.lidl.ch/de/glasnudeln-0089804", "product_description": "Artikelnr.: 89804"}
{"product_name": "Reisnudeln", "brand": "combino", "regular_price": 1.59, "selling_price": 1.59, "price_per_unit": "pro 200g | 100g = 0.80 CHF", "breadcrumb": "Sortiment > Sortiment > Reisnudeln", "pdp_url": "https://sortiment.lidl.ch/de/reisnudeln-0149146", "product_description": "Artikelnr.: 149146"}
{"product_name": "Tropical Fruits", "brand": "sweet_corner", "regular_price": 1.49, "selling_price": 1.49, "price_per_unit": "pro 300g | 100g = 0.50 CHF", "breadcrumb": "Sortiment > Sortiment > Tropical Fruits", "pdp_url": "https://sortiment.lidl.ch/de/tropical-fruits-0121650", "product_description": "Artikelnr.: 121650"}
{"product_name": "Cola", "brand": "sweet_corner", "regular_price": 1.29, "selling_price": 1.29, "price_per_unit": "pro 300g | 100g = 0.43 CHF", "breadcrumb": "Sortiment > Sortiment > Cola", "pdp_url": "https://sortiment.lidl.ch/de/cola-0120821", "product_description": "Artikelnr.: 120821"}
{"product_name": "Schweinsnierstück à la minute", "brand": "bonvalle", "regular_price": 8.49, "selling_price": 8.49, "price_per_unit": "pro 300g | 100g = 2.83 CHF", "breadcrumb": "Sortiment > Sortiment > Schweinsnierstück à la minute", "pdp_url": "https://sortiment.lidl.ch/de/schweinsnierstueck-la-minute-5108136", "product_description": "Artikelnr.: 5108136"}
{"product_name": "Jumbo Mini Candle", "brand": "", "regular_price": 3.89, "selling_price": 3.89, "price_per_unit": "pro Stück |", "breadcrumb": "Sortiment > Sortiment > Jumbo Mini Candle", "pdp_url": "https://sortiment.lidl.ch/de/jumbo-mini-candle-5108003", "product_description": "Artikelnr.: 5108003"}
{"product_name": "Pure Taste Katzensnack", "brand": "coshida", "regular_price": 1.29, "selling_price": 1.29, "price_per_unit": "pro 50g | 100g = 2.58 CHF", "breadcrumb": "Sortiment > Sortiment > Pure Taste Katzensnack", "pdp_url": "https://sortiment.lidl.ch/de/pure-taste-katzensnack-0143095", "product_description": "Artikelnr.: 143095"}
{"product_name": "Hendrick's Gin", "brand": "", "regular_price": 38.89, "selling_price": 38.89, "price_per_unit": "pro 0,7l | 1L = 55.56 CHF", "breadcrumb": "Sortiment > Sortiment > Hendrick's Gin", "pdp_url": "https://sortiment.lidl.ch/de/hendrick-s-gin-5104951", "product_description": "Artikelnr.: 5104951"}
{"product_name": "Trutensalami hauchdünn", "brand": "dulano", "regular_price": 4.99, "selling_price": 4.99, "price_per_unit": "pro 200g | 100g = 2.50 CHF", "breadcrumb": "Sortiment > Sortiment > Trutensalami hauchdünn", "pdp_url": "https://sortiment.lidl.ch/de/trutensalami-hauchduenn-0011399", "product_description": "Artikelnr.: 11399"}
{"product_name": "Ferrero Kinder Joy", "brand": "", "regular_price": 1.99, "selling_price": 1.99, "price_per_unit": "pro 20g | 100g = 9.95 CHF", "breadcrumb": "Sortiment > Sortiment > Ferrero Kinder Joy", "pdp_url": "https://sortiment.lidl.ch/de/ferrero-kinder-joy-0039705", "product_description": "Artikelnr.: 39705"}
{"product_name": "High Protein Pudding", "brand": "milbona", "regular_price": 1.79, "selling_price": 1.79, "price_per_unit": "pro 200g | 100g = 0.90 CHF", "breadcrumb": "Sortiment > Sortiment > High Protein Pudding", "pdp_url": "https://sortiment.lidl.ch/de/high-protein-pudding-0150741", "product_description": "Artikelnr.: 150741"}
{"product_name": "Cervelas", "brand": "maestade", "regular_price": 2.49, "selling_price": 2.49, "price_per_unit": "pro 2x100g | 100g = 1.25 CHF", "breadcrumb": "Sortiment > Sortiment > Cervelas", "pdp_url": "https://sortiment.lidl.ch/de/cervelas-5108282", "product_description": "Artikelnr.: 5108282"}
{"product_name": "Riesencervelas", "brand": "maestade", "regular_price": 3.29, "selling_price": 3.29, "price_per_unit": "pro 3x130g | 100g = 0.85 CHF", "breadcrumb": "Sortiment > Sortiment > Riesencervelas", "pdp_url": "https://sortiment.lidl.ch/de/riesencervelas-5102083", "product_description": "Artikelnr.: 5102083"}
{"product_name": "Eve Litchi", "brand": "cardinal", "regular_price": 10.49, "selling_price": 10.49, "price_per_unit": "pro 4x0,275l | 1L = 9.54 CHF", "breadcrumb": "Sortiment > Sortiment > Eve Litchi", "pdp_url": "https://sortiment.lidl.ch/de/eve-litchi-5105970", "product_description": "Artikelnr.: 5105970"}
{"product_name": "Ramseier Apfelschorle", "brand": "", "regular_price": 1.59, "selling_price": 1.59, "price_per_unit": "pro 0,5l | 1L = 3.18 CHF", "breadcrumb": "Sortiment > Sortiment > Ramseier Apfelschorle", "pdp_url": "https://sortiment.lidl.ch/de/ramseier-apfelschorle-5107978", "product_description": "Artikelnr.: 5107978"}
{"product_name": "Kägi fret", "brand": "", "regular_price": 1.99, "selling_price": 1.99, "price_per_unit": "pro 50g | 100g = 3.98 CHF", "breadcrumb": "Sortiment > Sortiment > Kägi fret", "pdp_url": "https://sortiment.lidl.ch/de/kaegi-fret-5106739", "product_description": "Artikelnr.: 5106739"}
{"product_name": "Single Grain Scotch 12 Jahre", "brand": "", "regular_price": 27.95, "selling_price": 27.95, "price_per_unit": "pro 0,7l | 1L = 39.93 CHF", "breadcrumb": "Sortiment > Sortiment > Single Grain Scotch 12 Jahre", "pdp_url": "https://sortiment.lidl.ch/de/single-grain-scotch-12-jahre-0148613", "product_description": "Artikelnr.: 148613"}
{"product_name": "Spargelspitzen weiss", "brand": "freshona", "regular_price": 1.59, "selling_price": 1.59, "price_per_unit": "pro 110g (Abtropfgewicht) | 100g = 1.45 CHF", "breadcrumb": "Sortiment > Sortiment > Spargelspitzen weiss", "pdp_url": "https://sortiment.lidl.ch/de/spargelspitzen-weiss-0097610", "product_description": "Artikelnr.: 97610"}
{"product_name": "Müllbeutel 25l mit Henkel", "brand": "purio", "regular_price": 1.45, "selling_price": 1.45, "price_per_unit": "pro 50 Stück | 1 Stk = 0.03 CHF", "breadcrumb": "Sortiment > Sortiment > Müllbeutel 25l mit Henkel", "pdp_url": "https://sortiment.lidl.ch/de/muellbeutel-25l-mit-henkel-0132202", "product_description": "Artikelnr.: 132202"}
{"product_name": "Thomy Dressing", "brand": "thomy", "regular_price": 3.95, "selling_price": 3.95, "price_per_unit": "pro 0,7l | 1L = 5.65 CHF", "breadcrumb": "Sortiment > Sortiment > Thomy Dressing", "pdp_url": "https://sortiment.lidl.ch/de/thomy-dressing-0003052", "product_description": "Artikelnr.: 3052"}
{"product_name": "Ricotta", "brand": "milbona", "regular_price": 1.69, "selling_price": 1.69, "price_per_unit": "pro 250g | 100g = 0.68 CHF", "breadcrumb": "Sortiment > Sortiment > Ricotta", "pdp_url": "https://sortiment.lidl.ch/de/ricotta-6009418", "product_description": "Artikelnr.: 6009418"}
{"product_name": "Knorr Carbonara Sauce", "brand": "knorr", "regular_price": 1.95, "selling_price": 1.95, "price_per_unit": "pro 28g | 100g = 6.97 CHF", "breadcrumb": "Sortiment > Sortiment > Knorr Carbonara Sauce", "pdp_url": "https://sortiment.lidl.ch/de/knorr-carbonara-sauce-0003888", "product_description": "Artikelnr.: 3888 *Konkurrenzvergleich:  04.06.2020"}
{"product_name": "Nuss-Nougat Gipfeli", "brand": "", "regular_price": 1.29, "selling_price": 1.29, "price_per_unit": "pro 85g | 100g = 1.52 CHF", "breadcrumb": "Sortiment > Sortiment > Nuss-Nougat Gipfeli", "pdp_url": "https://sortiment.lidl.ch/de/nuss-nougat-gipfeli-0152811", "product_description": "Artikelnr.: 152811 Nuss-Nougat-Gipfel Zutaten: Weizenmehl , 23% Nuss-Nougat-Creme [Zucker, 4% Haselnüsse , Palmfett, Rapsöl, Magermilchpulver , fettarmes Kakaopulver, Emulgator: Lecithine ( Soja ), natürliches Vanillearoma], 20% Butter , Wasser, Zucker, 2% gehackte Haselnüsse , Speisesalz, Hefe, Weizengluten , Erbseneiweiss, Mehlbehandlungsmittel: Ascorbinsäure. Kann Spuren von Ei, Erdnüsse, anderen Schalenfrüchte (Nüsse), Sellerie, Senf, Sesam und Sulfiten enthalten. Hergestellt in Deutschland."}
{"product_name": "Knorr Idéale / Béchamel Sauce", "brand": "knorr", "regular_price": 1.95, "selling_price": 1.95, "price_per_unit": "pro 33g | 100g = 5.91 CHF", "breadcrumb": "Sortiment > Sortiment > Knorr Idéale / Béchamel Sauce", "pdp_url": "https://sortiment.lidl.ch/de/knorr-ideale-bechamel-sauce-0003887", "product_description": "Artikelnr.: 3887"}
{"product_name": "Knorr Rahm Sauce", "brand": "knorr", "regular_price": 1.95, "selling_price": 1.95, "price_per_unit": "pro 30g | 100g = 6.50 CHF", "breadcrumb": "Sortiment > Sortiment > Knorr Rahm Sauce", "pdp_url": "https://sortiment.lidl.ch/de/knorr-rahm-sauce-0003886", "product_description": "Artikelnr.: 3886"}
{"product_name": "Knorr Curry Sauce", "brand": "knorr", "regular_price": 1.95, "selling_price": 1.95, "price_per_unit": "pro 33g | 100g = 5.91 CHF", "breadcrumb": "Sortiment > Sortiment > Knorr Curry Sauce", "pdp_url": "https://sortiment.lidl.ch/de/knorr-curry-sauce-0003885", "product_description": "Artikelnr.: 3885"}
{"product_name": "Knorr Jäger Sauce", "brand": "knorr", "regular_price": 1.95, "selling_price": 1.95, "price_per_unit": "pro 30g | 100g = 6.50 CHF", "breadcrumb": "Sortiment > Sortiment > Knorr Jäger Sauce", "pdp_url": "https://sortiment.lidl.ch/de/knorr-jaeger-sauce-0003884", "product_description": "Artikelnr.: 3884"}
{"product_name": "Mascarpone", "brand": "lovilio", "regular_price": 1.45, "selling_price": 1.45, "price_per_unit": "pro 250g | 100g = 0.58 CHF", "breadcrumb": "Sortiment > Sortiment > Mascarpone", "pdp_url": "https://sortiment.lidl.ch/de/mascarpone-6009177", "product_description": "Artikelnr.: 6009177"}
{"product_name": "MSC Seelachsfilets paniert", "brand": "fishers_choice", "regular_price": 5.99, "selling_price": 5.99, "price_per_unit": "pro 280g | 100g = 2.14 CHF", "breadcrumb": "Sortiment > Sortiment > MSC Seelachsfilets paniert", "pdp_url": "https://sortiment.lidl.ch/de/msc-seelachsfilets-paniert-5103633", "product_description": "Artikelnr.: 5103633"}
{"product_name": "Kartoffelsalat", "brand": "select_go", "regular_price": 3.25, "selling_price": 3.25, "price_per_unit": "pro 450g, 470g | 100g = 0.73, 0.70 CHF", "breadcrumb": "Sortiment > Sortiment > Kartoffelsalat", "pdp_url": "https://sortiment.lidl.ch/de/kartoffelsalat-5107422", "product_description": "Artikelnr.: 5107422"}
{"product_name": "Nature Essigreiniger", "brand": "", "regular_price": 1.99, "selling_price": 1.99, "price_per_unit": "pro 1l |", "breadcrumb": "Sortiment > Sortiment > Nature Essigreiniger", "pdp_url": "https://sortiment.lidl.ch/de/nature-essigreiniger-0151203", "product_description": "Artikelnr.: 151203"}
{"product_name": "Früchte- und Gemüsesäckli", "brand": "", "regular_price": 0.59, "selling_price": 0.59, "price_per_unit": "pro 2 Stück | 1 Stk = 0.30 CHF", "breadcrumb": "Sortiment > Sortiment > Früchte- und Gemüsesäckli", "pdp_url": "https://sortiment.lidl.ch/de/fruechte-und-gemuesesaeckli-0144601", "product_description": "Artikelnr.: 144601"}
{"product_name": "Prosciutto crudo", "brand": "dulano_selection", "regular_price": 3.99, "selling_price": 3.99, "price_per_unit": "pro 100g |", "breadcrumb": "Sortiment > Sortiment > Prosciutto crudo", "pdp_url": "https://sortiment.lidl.ch/de/prosciutto-crudo-6010160", "product_description": "Artikelnr.: 6010160"}
{"product_name": "Äpfel rot 1,5kg", "brand": "", "regular_price": 4.35, "selling_price": 4.35, "price_per_unit": "pro 1,5kg | 1Kg = 2.90 CHF", "breadcrumb": "Sortiment > Sortiment > Äpfel rot 1,5kg", "pdp_url": "https://sortiment.lidl.ch/de/aepfel-rot-1-5kg-0080229", "product_description": "Artikelnr.: 80229"}
{"product_name": "Paniermehl", "brand": "belbake", "regular_price": 1.99, "selling_price": 1.99, "price_per_unit": "pro 1kg |", "breadcrumb": "Sortiment > Sortiment > Paniermehl", "pdp_url": "https://sortiment.lidl.ch/de/paniermehl-0027469", "product_description": "Artikelnr.: 27469"}
{"product_name": "Papiertragetasche FSC", "brand": "", "regular_price": 0.35, "selling_price": 0.35, "price_per_unit": "pro Stück |", "breadcrumb": "Sortiment > Sortiment > Papiertragetasche FSC", "pdp_url": "https://sortiment.lidl.ch/de/papiertragetasche-fsc-0099432", "product_description": "Artikelnr.: 99432"}
{"product_name": "ASC Grilllachs", "brand": "fishers_choice", "regular_price": 8.99, "selling_price": 8.99, "price_per_unit": "pro 250g | 100g = 3.60 CHF", "breadcrumb": "Sortiment > Sortiment > ASC Grilllachs", "pdp_url": "https://sortiment.lidl.ch/de/asc-grilllachs-0130893", "product_description": "Artikelnr.: 130893"}
{"product_name": "Fideli mit Fleischkügeli", "brand": "kania", "regular_price": 0.59, "selling_price": 0.59, "price_per_unit": "pro 78g | 100g = 0.76 CHF", "breadcrumb": "Sortiment > Sortiment > Fideli mit Fleischkügeli", "pdp_url": "https://sortiment.lidl.ch/de/fideli-mit-fleischkuegeli-0150969", "product_description": "Artikelnr.: 150969"}
{"product_name": "Tomatensuppe", "brand": "kania", "regular_price": 0.39, "selling_price": 0.39, "price_per_unit": "pro 59g | 100g = 0.67 CHF", "breadcrumb": "Sortiment > Sortiment > Tomatensuppe", "pdp_url": "https://sortiment.lidl.ch/de/tomatensuppe-0150092", "product_description": "Artikelnr.: 150092"}
{"product_name": "Plätzli Champignons", "brand": "culinea", "regular_price": 5.29, "selling_price": 5.29, "price_per_unit": "pro 480g | 100g = 1.11 CHF", "breadcrumb": "Sortiment > Sortiment > Plätzli Champignons", "pdp_url": "https://sortiment.lidl.ch/de/plaetzli-champignons-5106784", "product_description": "Artikelnr.: 5106784"}
{"product_name": "Plätzli Spinat", "brand": "culinea", "regular_price": 5.29, "selling_price": 5.29, "price_per_unit": "pro 480g | 100g = 1.11 CHF", "breadcrumb": "Sortiment > Sortiment > Plätzli Spinat", "pdp_url": "https://sortiment.lidl.ch/de/plaetzli-spinat-5106783", "product_description": "Artikelnr.: 5106783"}
{"product_name": "Plätzli Käse", "brand": "culinea", "regular_price": 5.29, "selling_price": 5.29, "price_per_unit": "pro 480g | 100g = 1.11 CHF", "breadcrumb": "Sortiment > Sortiment > Plätzli Käse", "pdp_url": "https://sortiment.lidl.ch/de/plaetzli-kaese-5106782", "product_description": "Artikelnr.: 5106782"}
{"product_name": "Kaffeekapseln Espresso", "brand": "", "regular_price": 3.89, "selling_price": 3.89, "price_per_unit": "pro 16 Stück | 100g = 24.32, 4.06 CHF", "breadcrumb": "Sortiment > Sortiment > Kaffeekapseln Espresso", "pdp_url": "https://sortiment.lidl.ch/de/kaffeekapseln-espresso-0142600", "product_description": "Artikelnr.: 142600"}
{"product_name": "Nürnberger Rostbratwürste", "brand": "dulano_selection", "regular_price": 5.49, "selling_price": 5.49, "price_per_unit": "pro 300g | 100g = 1.83 CHF", "breadcrumb": "Sortiment > Sortiment > Nürnberger Rostbratwürste", "pdp_url": "https://sortiment.lidl.ch/de/nuernberger-rostbratwuerste-0059530", "product_description": "Artikelnr.: 59530"}
{"product_name": "Orangensaft direkt gepresst", "brand": "solevita", "regular_price": 2.99, "selling_price": 2.99, "price_per_unit": "pro 1l |", "breadcrumb": "Sortiment > Sortiment > Orangensaft direkt gepresst", "pdp_url": "https://sortiment.lidl.ch/de/orangensaft-direkt-gepresst-0037476", "product_description": "Artikelnr.: 37476"}
{"product_name": "Smoothie", "brand": "solevita", "regular_price": 0.99, "selling_price": 0.99, "price_per_unit": "pro 250ml | 1L = 3.96 CHF", "breadcrumb": "Sortiment > Sortiment > Smoothie", "pdp_url": "https://sortiment.lidl.ch/de/smoothie-0038798", "product_description": "Artikelnr.: 38798"}
{"product_name": "Super Smoothie", "brand": "solevita", "regular_price": 1.79, "selling_price": 1.79, "price_per_unit": "pro 250ml | 1L = 7.16 CHF", "breadcrumb": "Sortiment > Sortiment > Super Smoothie", "pdp_url": "https://sortiment.lidl.ch/de/super-smoothie-0125693", "product_description": "Artikelnr.: 125693"}
{"product_name": "Blutorangensaft", "brand": "solevita", "regular_price": 3.29, "selling_price": 3.29, "price_per_unit": "pro 1l |", "breadcrumb": "Sortiment > Sortiment > Blutorangensaft", "pdp_url": "https://sortiment.lidl.ch/de/blutorangensaft-0037475", "product_description": "Artikelnr.: 37475"}
{"product_name": "Fruchtsäfte", "brand": "solevita", "regular_price": 1.59, "selling_price": 1.59, "price_per_unit": "pro 330ml | 1L = 4.82 CHF", "breadcrumb": "Sortiment > Sortiment > Fruchtsäfte", "pdp_url": "https://sortiment.lidl.ch/de/fruchtsaefte-0002662", "product_description": "Artikelnr.: 2662"}
{"product_name": "Provolone Dolce", "brand": "lovilio", "regular_price": 3.49, "selling_price": 3.49, "price_per_unit": "pro 250g | 100g = 1.40 CHF", "breadcrumb": "Sortiment > Sortiment > Provolone Dolce", "pdp_url": "https://sortiment.lidl.ch/de/provolone-dolce-6009891", "product_description": "Artikelnr.: 6009891"}
{"product_name": "Premium Sushi Set", "brand": "select_go", "regular_price": 5.99, "selling_price": 5.99, "price_per_unit": "pro 168g, 185g | 100g = 3.57, 3.24 CHF", "breadcrumb": "Sortiment > Sortiment > Premium Sushi Set", "pdp_url": "https://sortiment.lidl.ch/de/premium-sushi-set-0152782", "product_description": "Artikelnr.: 152782"}
{"product_name": "Senf", "brand": "kania", "regular_price": 0.68, "selling_price": 0.68, "price_per_unit": "pro 200ml | 100g = 0.33 CHF", "breadcrumb": "Sortiment > Sortiment > Senf", "pdp_url": "https://sortiment.lidl.ch/de/senf-0011642", "product_description": "Artikelnr.: 11642"}
{"product_name": "Blätterteig", "brand": "", "regular_price": 1.15, "selling_price": 1.15, "price_per_unit": "pro 270g, 275g | 100g = 0.43, 0.42 CHF", "breadcrumb": "Sortiment > Sortiment > Blätterteig", "pdp_url": "https://sortiment.lidl.ch/de/blaetterteig-0037529", "product_description": "Artikelnr.: 37529"}
{"product_name": "Minestrone", "brand": "kania", "regular_price": 0.59, "selling_price": 0.59, "price_per_unit": "pro 84g | 100g = 0.71 CHF", "breadcrumb": "Sortiment > Sortiment > Minestrone", "pdp_url": "https://sortiment.lidl.ch/de/minestrone-0150971", "product_description": "Artikelnr.: 150971"}
{"product_name": "Bündner Gerstensuppe", "brand": "kania", "regular_price": 0.59, "selling_price": 0.59, "price_per_unit": "pro 103g | 100g = 0.58 CHF", "breadcrumb": "Sortiment > Sortiment > Bündner Gerstensuppe", "pdp_url": "https://sortiment.lidl.ch/de/buendner-gerstensuppe-0115706", "product_description": "Artikelnr.: 115706"}
{"product_name": "Ananas Scheiben", "brand": "freshona", "regular_price": 2.99, "selling_price": 2.99, "price_per_unit": "pro 420g (Abtropfgewicht) | 100g = 0.72 CHF", "breadcrumb": "Sortiment > Sortiment > Ananas Scheiben", "pdp_url": "https://sortiment.lidl.ch/de/ananas-scheiben-0066048", "product_description": "Artikelnr.: 66048"}
{"product_name": "Schokoladen Grosstafeln", "brand": "fin_carre", "regular_price": 3.99, "selling_price": 3.99, "price_per_unit": "pro 295g, 300g | 100g = 1.36, 1.33 CHF", "breadcrumb": "Sortiment > Sortiment > Schokoladen Grosstafeln", "pdp_url": "https://sortiment.lidl.ch/de/schokoladen-grosstafeln-0144007", "product_description": "Artikelnr.: 144007"}
{"product_name": "Chilischoten gemahlen", "brand": "deluxe", "regular_price": 2.99, "selling_price": 2.99, "price_per_unit": "pro 170g | 100g = 1.76 CHF", "breadcrumb": "Sortiment > Sortiment > Chilischoten gemahlen", "pdp_url": "https://sortiment.lidl.ch/de/chilischoten-gemahlen-6000091", "product_description": "Artikelnr.: 6000091"}
{"product_name": "Knorr Haferkernsuppe", "brand": "knorr", "regular_price": 2.49, "selling_price": 2.49, "price_per_unit": "pro 75g | 100g = 3.32 CHF", "breadcrumb": "Sortiment > Sortiment > Knorr Haferkernsuppe", "pdp_url": "https://sortiment.lidl.ch/de/knorr-haferkernsuppe-0003930", "product_description": "Artikelnr.: 3930"}
{"product_name": "Knorr Fidelisuppe mit Fleischkügeli", "brand": "knorr", "regular_price": 2.49, "selling_price": 2.49, "price_per_unit": "pro 78g | 100g = 3.20 CHF", "breadcrumb": "Sortiment > Sortiment > Knorr Fidelisuppe mit Fleischkügeli", "pdp_url": "https://sortiment.lidl.ch/de/knorr-fidelisuppe-mit-fleischkuegeli-0003883", "product_description": "Artikelnr.: 3883"}
{"product_name": "Knorr Minestrone", "brand": "knorr", "regular_price": 2.49, "selling_price": 2.49, "price_per_unit": "pro 89g | 100g = 2.80 CHF", "breadcrumb": "Sortiment > Sortiment > Knorr Minestrone", "pdp_url": "https://sortiment.lidl.ch/de/knorr-minestrone-0003882", "product_description": "Artikelnr.: 3882"}
{"product_name": "Knorr Buchstabensuppe", "brand": "knorr", "regular_price": 2.19, "selling_price": 2.19, "price_per_unit": "pro 71g | 100g = 3.09 CHF", "breadcrumb": "Sortiment > Sortiment > Knorr Buchstabensuppe", "pdp_url": "https://sortiment.lidl.ch/de/knorr-buchstabensuppe-0003881", "product_description": "Artikelnr.: 3881"}
{"product_name": "Knorr Spargel-Créme Suppe", "brand": "knorr", "regular_price": 2.19, "selling_price": 2.19, "price_per_unit": "pro 65g | 100g = 3.37 CHF", "breadcrumb": "Sortiment > Sortiment > Knorr Spargel-Créme Suppe", "pdp_url": "https://sortiment.lidl.ch/de/knorr-spargel-creme-suppe-0003880", "product_description": "Artikelnr.: 3880"}
{"product_name": "Knorr Steinpilz-Créme Suppe", "brand": "knorr", "regular_price": 2.19, "selling_price": 2.19, "price_per_unit": "pro 66g | 100g = 3.32 CHF", "breadcrumb": "Sortiment > Sortiment > Knorr Steinpilz-Créme Suppe", "pdp_url": "https://sortiment.lidl.ch/de/knorr-steinpilz-creme-suppe-0003878", "product_description": "Artikelnr.: 3878"}
{"product_name": "Knorr Bündner Gerstensuppe", "brand": "knorr", "regular_price": 2.49, "selling_price": 2.49, "price_per_unit": "pro 108g | 100g = 2.31 CHF", "breadcrumb": "Sortiment > Sortiment > Knorr Bündner Gerstensuppe", "pdp_url": "https://sortiment.lidl.ch/de/knorr-buendner-gerstensuppe-0003877", "product_description": "Artikelnr.: 3877"}
{"product_name": "Valser Mineralwasser", "brand": "valser", "regular_price": 1.15, "selling_price": 1.15, "price_per_unit": "pro 1,5l | 1L = 0.77 CHF", "breadcrumb": "Sortiment > Sortiment > Valser Mineralwasser", "pdp_url": "https://sortiment.lidl.ch/de/valser-mineralwasser-0003858", "product_description": "Artikelnr.: 3858"}
{"product_name": "ASC Lachsfilet Portionen", "brand": "fishers_choice", "regular_price": 17.49, "selling_price": 17.49, "price_per_unit": "pro 4x125g | 100g = 3.50 CHF", "breadcrumb": "Sortiment > Sortiment > ASC Lachsfilet Portionen", "pdp_url": "https://sortiment.lidl.ch/de/asc-lachsfilet-portionen-0137903", "product_description": "Artikelnr.: 137903"}
{"product_name": "Feta AOP", "brand": "milbona", "regular_price": 2.59, "selling_price": 2.59, "price_per_unit": "pro 200g | 100g = 1.30 CHF", "breadcrumb": "Sortiment > Sortiment > Feta AOP", "pdp_url": "https://sortiment.lidl.ch/de/feta-aop-0048087", "product_description": "Artikelnr.: 48087"}
{"product_name": "Schmelzkäse Scheiben", "brand": "milbona", "regular_price": 1.75, "selling_price": 1.75, "price_per_unit": "pro 200g | 100g = 0.88 CHF", "breadcrumb": "Sortiment > Sortiment > Schmelzkäse Scheiben", "pdp_url": "https://sortiment.lidl.ch/de/schmelzkaese-scheiben-0022664", "product_description": "Artikelnr.: 22664"}
{"product_name": "Schweinsnierstück am Stück", "brand": "bonvalle", "regular_price": 2.25, "selling_price": 2.25, "price_per_unit": "pro 100g, ca. 600g-1400g |", "breadcrumb": "Sortiment > Sortiment > Schweinsnierstück am Stück", "pdp_url": "https://sortiment.lidl.ch/de/schweinsnierstueck-am-stueck-5103341", "product_description": "Artikelnr.: 5103341"}
{"product_name": "Güggeli", "brand": "bonvalle", "regular_price": 1.19, "selling_price": 1.19, "price_per_unit": "pro 100g, ca. 800g-1200g |", "breadcrumb": "Sortiment > Sortiment > Güggeli", "pdp_url": "https://sortiment.lidl.ch/de/gueggeli-5106885", "product_description": "Artikelnr.: 5106885"}
{"product_name": "Speckwürfeli light", "brand": "maestade", "regular_price": 3.89, "selling_price": 3.89, "price_per_unit": "pro 140g | 100g = 2.78 CHF", "breadcrumb": "Sortiment > Sortiment > Speckwürfeli light", "pdp_url": "https://sortiment.lidl.ch/de/speckwuerfeli-light-5107962", "product_description": "Artikelnr.: 5107962"}
{"product_name": "Knoblauch", "brand": "", "regular_price": 0.45, "selling_price": 0.45, "price_per_unit": "pro Stück |", "breadcrumb": "Sortiment > Sortiment > Knoblauch", "pdp_url": "https://sortiment.lidl.ch/de/knoblauch-0082706", "product_description": "Artikelnr.: 82706"}
{"product_name": "Kürbisspätzli", "brand": "chef_select", "regular_price": 2.99, "selling_price": 2.99, "price_per_unit": "pro 500g | 100g = 0.60 CHF", "breadcrumb": "Sortiment > Sortiment > Kürbisspätzli", "pdp_url": "https://sortiment.lidl.ch/de/kuerbisspaetzli-5104984", "product_description": "Artikelnr.: 5104984"}
{"product_name": "Bio Baby Spinat 100g", "brand": "bio_organic", "regular_price": 1.29, "selling_price": 1.29, "price_per_unit": "pro 100g |", "breadcrumb": "Sortiment > Sortiment > Bio Baby Spinat 100g", "pdp_url": "https://sortiment.lidl.ch/de/bio-baby-spinat-100g-0084440", "product_description": "Artikelnr.: 84440"}
{"product_name": "Kohlrabi", "brand": "", "regular_price": 1.39, "selling_price": 1.39, "price_per_unit": "pro Stück |", "breadcrumb": "Sortiment > Sortiment > Kohlrabi", "pdp_url": "https://sortiment.lidl.ch/de/kohlrabi-0082735", "product_description": "Artikelnr.: 82735"}
{"product_name": "Äpfel rot", "brand": "", "regular_price": 2.99, "selling_price": 2.99, "price_per_unit": "pro 1kg |", "breadcrumb": "Sortiment > Sortiment > Äpfel rot", "pdp_url": "https://sortiment.lidl.ch/de/aepfel-rot-0080220", "product_description": "Artikelnr.: 80220"}
{"product_name": "Butterzopf", "brand": "", "regular_price": 3.29, "selling_price": 3.29, "price_per_unit": "pro 460g | 100g = 0.72 CHF", "breadcrumb": "Sortiment > Sortiment > Butterzopf", "pdp_url": "https://sortiment.lidl.ch/de/butterzopf-5103560", "product_description": "Artikelnr.: 5103560 Hinweis: Bitte gleiche die Artikelnummer auf dem Preisschild mit bei der Zutatenliste stehenden Artikelnummer ab. Je nach Region sind unterschiedliche Lieferanten möglich. Artikelnummer: 5103560 - Butterzopf. Zutaten: 57% Weizenmehl , Wasser, 9% Butter , Frischkäse Vollfettstufe ( Vollmilch , Magermilch , Rahm , Milchproteinpulver ), Eier *, Backhefe, Meersalz, Weizenkleber , Gerstenmalz , Milchserumpulver , Dextrose, Weizenstärke , Zucker, Acerolafruchtpulver (auf Maltodextrin). *aus Freilandhaltung. Kann Spuren von Erdnüsse, Soja, Schalenfrüchte (Nüsse), Sellerie, Senf, Sesam und Sulfiten enthalten. Hergestellt in der Schweiz. Artikelnummer: 5107401 - Butterzopf. Zutaten: Weizenweissmehl , Wasser, 10% Butter, Eier* pasteurisiert, Hefe, jodiertes Speisesalz, Buttermilchpulver , Milchzucker, Weizenkleber, Traubenzucker, Weizenstärke, Gerstenmalzmehl, Weizenquellmehl, Mehlbehandlungsmittel: Ascorbinsäure. *aus Bodenhaltung. Kann Spuren von Erdnüssen, Soja, Schalenfrüchte (Nüsse), Sellerie, Senf, Sesam und Sulfiten enthalten. Hergestellt in der Schweiz."}
{"product_name": "Findus Plätzli", "brand": "findus", "regular_price": 7.49, "selling_price": 7.49, "price_per_unit": "pro 480g | 100g = 1.57 CHF", "breadcrumb": "Sortiment > Sortiment > Findus Plätzli", "pdp_url": "https://sortiment.lidl.ch/de/findus-plaetzli-0001867", "product_description": "Artikelnr.: 1867"}
{"product_name": "Findus Plätzli Käse", "brand": "findus", "regular_price": 7.49, "selling_price": 7.49, "price_per_unit": "pro 480g | 100g = 1.57 CHF", "breadcrumb": "Sortiment > Sortiment > Findus Plätzli Käse", "pdp_url": "https://sortiment.lidl.ch/de/findus-plaetzli-kaese-0002855", "product_description": "Artikelnr.: 2855"}
{"product_name": "Raclette Scheiben Sélection", "brand": "fromani", "regular_price": 7.99, "selling_price": 7.99, "price_per_unit": "pro 4x100g | 100g = 2.00 CHF", "breadcrumb": "Sortiment > Sortiment > Raclette Scheiben Sélection", "pdp_url": "https://sortiment.lidl.ch/de/raclette-scheiben-selection-0032460", "product_description": "Artikelnr.: 32460"}
{"product_name": "Krustenschinken", "brand": "dulano", "regular_price": 4.69, "selling_price": 4.69, "price_per_unit": "pro 150g | 100g = 3.13 CHF", "breadcrumb": "Sortiment > Sortiment > Krustenschinken", "pdp_url": "https://sortiment.lidl.ch/de/krustenschinken-0077384", "product_description": "Artikelnr.: 77384"}
{"product_name": "Bio Vollmilch 3,9%", "brand": "milbona", "regular_price": 1.85, "selling_price": 1.85, "price_per_unit": "pro 1l |", "breadcrumb": "Sortiment > Sortiment > Bio Vollmilch 3,9%", "pdp_url": "https://sortiment.lidl.ch/de/bio-vollmilch-3-9-5104210", "product_description": "Artikelnr.: 5104210"}
{"product_name": "Bio Milchdrink 2,5%", "brand": "milbona", "regular_price": 1.85, "selling_price": 1.85, "price_per_unit": "pro 1l |", "breadcrumb": "Sortiment > Sortiment > Bio Milchdrink 2,5%", "pdp_url": "https://sortiment.lidl.ch/de/bio-milchdrink-2-5-5104211", "product_description": "Artikelnr.: 5104211"}
{"product_name": "Müllermilch", "brand": "muller", "regular_price": 1.49, "selling_price": 1.49, "price_per_unit": "pro 400ml | 1L = 3.73 CHF", "breadcrumb": "Sortiment > Sortiment > Müllermilch", "pdp_url": "https://sortiment.lidl.ch/de/muellermilch-0002474", "product_description": "Artikelnr.: 2474"}
{"product_name": "Mont-sur-Rolle La Côte AOC", "brand": "", "regular_price": 6.95, "selling_price": 6.95, "price_per_unit": "pro 0,75l | 1L = 9.27 CHF", "breadcrumb": "Sortiment > Sortiment > Mont-sur-Rolle La Côte AOC", "pdp_url": "https://sortiment.lidl.ch/de/mont-sur-rolle-la-cote-aoc-0001008", "product_description": "Artikelnr.: 1008"}
{"product_name": "Pinot Noir Salgesch AOC", "brand": "", "regular_price": 9.99, "selling_price": 9.99, "price_per_unit": "pro 0,75l | 1L = 13.32 CHF", "breadcrumb": "Sortiment > Sortiment > Pinot Noir Salgesch AOC", "pdp_url": "https://sortiment.lidl.ch/de/pinot-noir-salgesch-aoc-0002326", "product_description": "Artikelnr.: 2326"}
{"product_name": "Dôle Blanche du Valais AOC", "brand": "", "regular_price": 7.45, "selling_price": 4.95, "price_per_unit": "pro 0,75l | 1L = 6.60 CHF", "breadcrumb": "Sortiment > Sortiment > Dôle Blanche du Valais AOC", "pdp_url": "https://sortiment.lidl.ch/de/dole-blanche-du-valais-aoc-0001017", "product_description": "Artikelnr.: 1017"}
{"product_name": "Tonic/Ginger Ale/ Bitter Lemon", "brand": "freeway", "regular_price": 0.59, "selling_price": 0.59, "price_per_unit": "pro 1l |", "breadcrumb": "Sortiment > Sortiment > Tonic/Ginger Ale/ Bitter Lemon", "pdp_url": "https://sortiment.lidl.ch/de/tonic-ginger-ale-bitter-lemon-0000043", "product_description": "Artikelnr.: 43"}
{"product_name": "Chio Chips", "brand": "chio", "regular_price": 5.49, "selling_price": 5.49, "price_per_unit": "pro 280g | 100g = 1.97 CHF", "breadcrumb": "Sortiment > Sortiment > Chio Chips", "pdp_url": "https://sortiment.lidl.ch/de/chio-chips-0002795", "product_description": "Artikelnr.: 2795"}
{"product_name": "Coca-Cola Zero", "brand": "coca-cola", "regular_price": 1.99, "selling_price": 1.99, "price_per_unit": "pro 1,25l | 1L = 1.60 CHF", "breadcrumb": "Sortiment > Sortiment > Coca-Cola Zero", "pdp_url": "https://sortiment.lidl.ch/de/coca-cola-zero-0003482", "product_description": "Artikelnr.: 3482"}
{"product_name": "Coca-Cola Original", "brand": "coca-cola", "regular_price": 1.99, "selling_price": 1.99, "price_per_unit": "pro 1,25l | 1L = 1.60 CHF", "breadcrumb": "Sortiment > Sortiment > Coca-Cola Original", "pdp_url": "https://sortiment.lidl.ch/de/coca-cola-original-0003481", "product_description": "Artikelnr.: 3481"}
{"product_name": "Fenchel", "brand": "", "regular_price": 3.39, "selling_price": 2.49, "price_per_unit": "pro 1kg |", "breadcrumb": "Sortiment > Sortiment > Fenchel", "pdp_url": "https://sortiment.lidl.ch/de/fenchel-0082690", "product_description": "Artikelnr.: 82690"}
{"product_name": "Bio Eistee", "brand": "freeway", "regular_price": 0.89, "selling_price": 0.89, "price_per_unit": "pro 1l |", "breadcrumb": "Sortiment > Sortiment > Bio Eistee", "pdp_url": "https://sortiment.lidl.ch/de/bio-eistee-0001826", "product_description": "Artikelnr.: 1826"}
{"product_name": "Baguette française", "brand": "", "regular_price": 1.39, "selling_price": 1.39, "price_per_unit": "pro 250g | 100g = 0.56 CHF", "breadcrumb": "Sortiment > Sortiment > Baguette française", "pdp_url": "https://sortiment.lidl.ch/de/baguette-francaise-0028211", "product_description": "Artikelnr.: 28211 Baguette Francaise Zutaten: Weizenmehl , Wasser, Backhefe, Speisesalz, Weizengluten , Weizenmalzmehl, deaktivierte Hefe, Mehlbehandlungsmittel: Ascorbinsäure. Kann Spuren von Ei, Erdnüsse, Soja, Milch, Schalenfrüchte (Nüsse), Sellerie, Senf, Sesam und Sulfiten enthalten. Hergestellt in Frankreich."}
{"product_name": "Die Butter", "brand": "", "regular_price": 3.95, "selling_price": 3.95, "price_per_unit": "pro 250g | 100g = 1.58 CHF", "breadcrumb": "Sortiment > Sortiment > Die Butter", "pdp_url": "https://sortiment.lidl.ch/de/die-butter-0001635", "product_description": "Artikelnr.: 1635"}
{"product_name": "Malvoisie AOC", "brand": "", "regular_price": 11.95, "selling_price": 11.95, "price_per_unit": "pro 0,75l | 1L = 15.94 CHF", "breadcrumb": "Sortiment > Sortiment > Malvoisie AOC", "pdp_url": "https://sortiment.lidl.ch/de/malvoisie-aoc-0001015", "product_description": "Artikelnr.: 1015"}
{"product_name": "Kaffeebohnen Espresso Cremoso", "brand": "bellarom", "regular_price": 10.95, "selling_price": 10.95, "price_per_unit": "pro 1000g |", "breadcrumb": "Sortiment > Sortiment > Kaffeebohnen Espresso Cremoso", "pdp_url": "https://sortiment.lidl.ch/de/kaffeebohnen-espresso-cremoso-0072859", "product_description": "Artikelnr.: 72859"}
{"product_name": "Champagner C. de Senneval", "brand": "", "regular_price": 19.89, "selling_price": 19.89, "price_per_unit": "pro 0,75l | 1L = 26.52 CHF", "breadcrumb": "Sortiment > Sortiment > Champagner C. de Senneval", "pdp_url": "https://sortiment.lidl.ch/de/champagner-c-de-senneval-0098985", "product_description": "Artikelnr.: 98985"}
{"product_name": "Prosecco DOC", "brand": "allini", "regular_price": 4.99, "selling_price": 4.99, "price_per_unit": "pro 0,375l | 1L = 13.31 CHF", "breadcrumb": "Sortiment > Sortiment > Prosecco DOC", "pdp_url": "https://sortiment.lidl.ch/de/prosecco-doc-0127982", "product_description": "Artikelnr.: 127982"}
{"product_name": "Prosecco Treviso DOC", "brand": "allini", "regular_price": 4.95, "selling_price": 4.95, "price_per_unit": "pro 0,75l | 1L = 6.60 CHF", "breadcrumb": "Sortiment > Sortiment > Prosecco Treviso DOC", "pdp_url": "https://sortiment.lidl.ch/de/prosecco-treviso-doc-0048641", "product_description": "Artikelnr.: 48641"}
{"product_name": "Moscato Spumante Dolce", "brand": "allini", "regular_price": 3.95, "selling_price": 2.75, "price_per_unit": "pro 0,75l | 1L = 3.67 CHF", "breadcrumb": "Sortiment > Sortiment > Moscato Spumante Dolce", "pdp_url": "https://sortiment.lidl.ch/de/moscato-spumante-dolce-0028100", "product_description": "Artikelnr.: 28100"}
{"product_name": "Rimuss Party Alkoholfrei", "brand": "", "regular_price": 4.89, "selling_price": 4.89, "price_per_unit": "pro 0,7l | 1L = 6.99 CHF", "breadcrumb": "Sortiment > Sortiment > Rimuss Party Alkoholfrei", "pdp_url": "https://sortiment.lidl.ch/de/rimuss-party-alkoholfrei-0002870", "product_description": "Artikelnr.: 2870"}
{"product_name": "Molière Litchi", "brand": "", "regular_price": 3.89, "selling_price": 3.89, "price_per_unit": "pro 0,75l | 1L = 5.19 CHF", "breadcrumb": "Sortiment > Sortiment > Molière Litchi", "pdp_url": "https://sortiment.lidl.ch/de/moliere-litchi-0001890", "product_description": "Artikelnr.: 1890"}
{"product_name": "Käsescheiben assortiert", "brand": "milbona", "regular_price": 2.79, "selling_price": 2.79, "price_per_unit": "pro 250g | 100g = 1.12 CHF", "breadcrumb": "Sortiment > Sortiment > Käsescheiben assortiert", "pdp_url": "https://sortiment.lidl.ch/de/kaesescheiben-assortiert-0019133", "product_description": "Artikelnr.: 19133"}
{"product_name": "Hummus", "brand": "chef_select", "regular_price": 1.95, "selling_price": 1.95, "price_per_unit": "pro 200g | 100g = 0.98 CHF", "breadcrumb": "Sortiment > Sortiment > Hummus", "pdp_url": "https://sortiment.lidl.ch/de/hummus-0119131", "product_description": "Artikelnr.: 119131"}
{"product_name": "Mehrkornbrot", "brand": "", "regular_price": 2.99, "selling_price": 2.99, "price_per_unit": "pro 400g | 100g = 0.75 CHF", "breadcrumb": "Sortiment > Sortiment > Mehrkornbrot", "pdp_url": "https://sortiment.lidl.ch/de/mehrkornbrot-0001628", "product_description": "Artikelnr.: 1628 Mehrkornbrot. Zutaten: 47% Weizenmehl , Wasser, 4,5% Haferflocken , 4% Getreidekörner ( Weizen, Roggen, Dinkel, Gerste ), 3% Sonnenblumenkerne, 3% Roggenmehl, 3% Leinsaat, Backhefe, 2% Sesam , Rapsöl, Weizenkleber, Sojagrütze, Weizenfasern gemahlen, Dinkelmehl , 0.5% Hirse, Speisesalz, Konservierungsstoff: Calciumacetat, Dextrose, Gerstenmalzmehl, Roggenschrot , Emulgatoren: Mono- und Diglyceride von Speisefettsäuren, Mono- und Diacetylweinsäureester von Mono- und Diglyceriden von Speisefettsäuren, Mehlbehandlungsmittel: Ascorbinsäure, 0.2% Mohn, Zucker, Weizenstärke, Roggenmalzmehl geröstet, Weizenvollkornquellmehl, Gerstenmalz geröstet, Weizenröstmalz , Säuerungsmittel: Milchsäure, Karamel, Acerolafruchtpulver (auf Trägerstoff Maltodextrin). Kann Spuren von Ei, Erdnüsse, Milch, Schalenfrüchte (Nüsse), Sellerie, Senf und Sulfiten enthalten . Hergestellt in der Schweiz."}
{"product_name": "Schweizer Mineralwasser", "brand": "saguaro", "regular_price": 0.65, "selling_price": 0.65, "price_per_unit": "pro 1,5l | 1L = 0.44 CHF", "breadcrumb": "Sortiment > Sortiment > Schweizer Mineralwasser", "pdp_url": "https://sortiment.lidl.ch/de/schweizer-mineralwasser-0002032", "product_description": "Artikelnr.: 2032"}
{"product_name": "Knusper Kartoffeltaschen", "brand": "harvest_basket", "regular_price": 4.99, "selling_price": 4.99, "price_per_unit": "pro 600g | 100g = 0.84 CHF", "breadcrumb": "Sortiment > Sortiment > Knusper Kartoffeltaschen", "pdp_url": "https://sortiment.lidl.ch/de/knusper-kartoffeltaschen-0038685", "product_description": "Artikelnr.: 38685"}
{"product_name": "Edamer Scheiben", "brand": "milbona", "regular_price": 4.39, "selling_price": 4.39, "price_per_unit": "pro 400g | 100g = 1.10 CHF", "breadcrumb": "Sortiment > Sortiment > Edamer Scheiben", "pdp_url": "https://sortiment.lidl.ch/de/edamer-scheiben-0038893", "product_description": "Artikelnr.: 38893"}
{"product_name": "Schweizer Rapsöl", "brand": "vita_dor", "regular_price": 4.95, "selling_price": 4.95, "price_per_unit": "pro 1l |", "breadcrumb": "Sortiment > Sortiment > Schweizer Rapsöl", "pdp_url": "https://sortiment.lidl.ch/de/schweizer-rapsoel-0001564", "product_description": "Artikelnr.: 1564"}
{"product_name": "Findus MSC Fischstäbchen", "brand": "findus", "regular_price": 5.65, "selling_price": 5.65, "price_per_unit": "pro 450g | 100g = 1.26 CHF", "breadcrumb": "Sortiment > Sortiment > Findus MSC Fischstäbchen", "pdp_url": "https://sortiment.lidl.ch/de/findus-msc-fischstaebchen-0001086", "product_description": "Artikelnr.: 1086"}
{"product_name": "Trockenfleisch vom Rind", "brand": "dulano_selection", "regular_price": 5.69, "selling_price": 5.69, "price_per_unit": "pro 100g |", "breadcrumb": "Sortiment > Sortiment > Trockenfleisch vom Rind", "pdp_url": "https://sortiment.lidl.ch/de/trockenfleisch-vom-rind-5107880", "product_description": "Artikelnr.: 5107880"}
{"product_name": "Petite Arvine AOC", "brand": "", "regular_price": 11.95, "selling_price": 11.95, "price_per_unit": "pro 0,75l | 1L = 15.94 CHF", "breadcrumb": "Sortiment > Sortiment > Petite Arvine AOC", "pdp_url": "https://sortiment.lidl.ch/de/petite-arvine-aoc-0001006", "product_description": "Artikelnr.: 1006"}
{"product_name": "Oeil de Perdrix du Valais AOC", "brand": "", "regular_price": 8.95, "selling_price": 8.95, "price_per_unit": "pro 0,75l | 1L = 11.94 CHF", "breadcrumb": "Sortiment > Sortiment > Oeil de Perdrix du Valais AOC", "pdp_url": "https://sortiment.lidl.ch/de/oeil-de-perdrix-du-valais-aoc-0001018", "product_description": "Artikelnr.: 1018"}
{"product_name": "Fendant du Valais AOC", "brand": "", "regular_price": 6.95, "selling_price": 6.95, "price_per_unit": "pro 0,75l | 1L = 9.27 CHF", "breadcrumb": "Sortiment > Sortiment > Fendant du Valais AOC", "pdp_url": "https://sortiment.lidl.ch/de/fendant-du-valais-aoc-0001003", "product_description": "Artikelnr.: 1003"}
{"product_name": "Barbera d'Asti Superiore DOCG", "brand": "", "regular_price": 4.95, "selling_price": 4.95, "price_per_unit": "pro 0,75l | 1L = 6.60 CHF", "breadcrumb": "Sortiment > Sortiment > Barbera d'Asti Superiore DOCG", "pdp_url": "https://sortiment.lidl.ch/de/barbera-d-asti-superiore-docg-0120906", "product_description": "Artikelnr.: 120906"}
{"product_name": "Baumnüsse", "brand": "alesto", "regular_price": 2.95, "selling_price": 2.95, "price_per_unit": "pro 200g | 100g = 1.48 CHF", "breadcrumb": "Sortiment > Sortiment > Baumnüsse", "pdp_url": "https://sortiment.lidl.ch/de/baumnuesse-0026704", "product_description": "Artikelnr.: 26704"}
{"product_name": "Avocado ready to eat", "brand": "rainforest_alliance", "regular_price": 1.25, "selling_price": 1.25, "price_per_unit": "pro Stück |", "breadcrumb": "Sortiment > Sortiment > Avocado ready to eat", "pdp_url": "https://sortiment.lidl.ch/de/avocado-ready-to-eat-0080616", "product_description": "Artikelnr.: 80616"}
{"product_name": "Kürbis Butternuss", "brand": "", "regular_price": 2.99, "selling_price": 2.99, "price_per_unit": "pro 1kg |", "breadcrumb": "Sortiment > Sortiment > Kürbis Butternuss", "pdp_url": "https://sortiment.lidl.ch/de/kuerbis-butternuss-0082835", "product_description": "Artikelnr.: 82835"}
{"product_name": "Bio Steinofenbaguette", "brand": "", "regular_price": 2.99, "selling_price": 2.99, "price_per_unit": "pro 360g | 100g = 0.84 CHF", "breadcrumb": "Sortiment > Sortiment > Bio Steinofenbaguette", "pdp_url": "https://sortiment.lidl.ch/de/bio-steinofenbaguette-5107085", "product_description": "Artikelnr.: 5107085 Bio Steinofen Baguette Zutaten: 55% Halbweissmehl ( Weizen )*,Wasser, Vorteig (Wasser, Halbweissmehl ( Weizen )*), Backhilfsmittel (Malzmehl ( Gerste )*, Weizenquellmehl *, Acerolapulver*(auf Maniokstärke*)), Speisesalz, Hefe*, Roggenmehl* , Maismehl*.  * aus biologischer Landwirtschaft. Kann Spuren von Ei, Erdnüsse, Soja, Milch, Schalenfrüchte (Nüsse), Sellerie, Senf, Sesam und Sulfiten enthalten. Hergstellt in der Schweiz. CH-Bio-006."}
{"product_name": "Kopfsalat", "brand": "", "regular_price": 1.99, "selling_price": 1.99, "price_per_unit": "pro 200g | 100g = 1.00 CHF", "breadcrumb": "Sortiment > Sortiment > Kopfsalat", "pdp_url": "https://sortiment.lidl.ch/de/kopfsalat-5103678", "product_description": "Artikelnr.: 5103678"}
{"product_name": "Laugenknopf", "brand": "", "regular_price": 0.89, "selling_price": 0.89, "price_per_unit": "pro 100g |", "breadcrumb": "Sortiment > Sortiment > Laugenknopf", "pdp_url": "https://sortiment.lidl.ch/de/laugenknopf-0097556", "product_description": "Artikelnr.: 97556 Laugenknoten Zutaten: Weizenmehl, Wasser, Rapsöl, Hefe, Weizenmalzmehl , Speisesalz, Verdickungsmittel: Guarkernmehl, Emulgator: Mono- und Diacetylweinsäureester von Mono- und Diglyceriden von Speisefettsäuren, Säureregulator: Natriumhydroxid. Kann Spuren von Ei, Erdnüsse, Soja, Milch, Schalenfrüchte (Nüsse), Sellerie, Senf, Sesam und Sulfiten enthalten. Hergestellt in Deutschland."}
{"product_name": "Pouletbrust Médaillons", "brand": "bonvalle", "regular_price": 5.39, "selling_price": 5.39, "price_per_unit": "pro 270g | 100g = 2.00 CHF", "breadcrumb": "Sortiment > Sortiment > Pouletbrust Médaillons", "pdp_url": "https://sortiment.lidl.ch/de/pouletbrust-medaillons-5104677", "product_description": "Artikelnr.: 5104677"}
{"product_name": "Grana Padano DOP", "brand": "lovilio", "regular_price": 2.39, "selling_price": 2.39, "price_per_unit": "pro 100g |", "breadcrumb": "Sortiment > Sortiment > Grana Padano DOP", "pdp_url": "https://sortiment.lidl.ch/de/grana-padano-dop-0131598", "product_description": "Artikelnr.: 131598"}
{"product_name": "Schwarzwälder Schinken IGP", "brand": "dulano_selection", "regular_price": 5.49, "selling_price": 5.49, "price_per_unit": "pro 200g | 100g = 2.75 CHF", "breadcrumb": "Sortiment > Sortiment > Schwarzwälder Schinken IGP", "pdp_url": "https://sortiment.lidl.ch/de/schwarzwaelder-schinken-igp-0011032", "product_description": "Artikelnr.: 11032"}
{"product_name": "Knoblauch", "brand": "kania", "regular_price": 0.65, "selling_price": 0.65, "price_per_unit": "pro 70g | 100g = 0.93 CHF", "breadcrumb": "Sortiment > Sortiment > Knoblauch", "pdp_url": "https://sortiment.lidl.ch/de/knoblauch-0012052", "product_description": "Artikelnr.: 12052"}
{"product_name": "Keramikmühle", "brand": "kania", "regular_price": 1.59, "selling_price": 1.59, "price_per_unit": "pro 110g, 40g, 50g | 100g = 3.98, 3.18, 1.45 CHF", "breadcrumb": "Sortiment > Sortiment > Keramikmühle", "pdp_url": "https://sortiment.lidl.ch/de/keramikmuehle-0135864", "product_description": "Artikelnr.: 135864"}
{"product_name": "Gewürz für Poulet", "brand": "kania", "regular_price": 0.99, "selling_price": 0.99, "price_per_unit": "pro 70g | 100g = 1.42 CHF", "breadcrumb": "Sortiment > Sortiment > Gewürz für Poulet", "pdp_url": "https://sortiment.lidl.ch/de/gewuerz-fuer-poulet-0133847", "product_description": "Artikelnr.: 133847"}
{"product_name": "Kräuter der Provence", "brand": "kania", "regular_price": 0.69, "selling_price": 0.69, "price_per_unit": "pro 20g | 100g = 3.45 CHF", "breadcrumb": "Sortiment > Sortiment > Kräuter der Provence", "pdp_url": "https://sortiment.lidl.ch/de/kraeuter-der-provence-0070752", "product_description": "Artikelnr.: 70752"}
{"product_name": "Kräuter gefriergetrocknet", "brand": "kania", "regular_price": 1.99, "selling_price": 1.99, "price_per_unit": "pro 12,5g, 15g, 16g, 25g | 100g = 16.59 bis 7.96", "breadcrumb": "Sortiment > Sortiment > Kräuter gefriergetrocknet", "pdp_url": "https://sortiment.lidl.ch/de/kraeuter-gefriergetrocknet-0068074", "product_description": "Artikelnr.: 68074"}
{"product_name": "Knorr Kräuterlinge", "brand": "knorr", "regular_price": 3.09, "selling_price": 3.09, "price_per_unit": "pro 60g | 100g = 5.15 CHF", "breadcrumb": "Sortiment > Sortiment > Knorr Kräuterlinge", "pdp_url": "https://sortiment.lidl.ch/de/knorr-kraeuterlinge-0002741", "product_description": "Artikelnr.: 2741"}
{"product_name": "Curry", "brand": "kania", "regular_price": 0.59, "selling_price": 0.59, "price_per_unit": "pro 45g | 100g = 1.32 CHF", "breadcrumb": "Sortiment > Sortiment > Curry", "pdp_url": "https://sortiment.lidl.ch/de/curry-0012057", "product_description": "Artikelnr.: 12057"}
{"product_name": "Paprika scharf", "brand": "kania", "regular_price": 0.59, "selling_price": 0.59, "price_per_unit": "pro 50g | 100g = 1.18 CHF", "breadcrumb": "Sortiment > Sortiment > Paprika scharf", "pdp_url": "https://sortiment.lidl.ch/de/paprika-scharf-0012051", "product_description": "Artikelnr.: 12051"}
{"product_name": "Paprika edelsüss", "brand": "kania", "regular_price": 0.59, "selling_price": 0.59, "price_per_unit": "pro 50g | 100g = 1.18 CHF", "breadcrumb": "Sortiment > Sortiment > Paprika edelsüss", "pdp_url": "https://sortiment.lidl.ch/de/paprika-edelsuess-0012050", "product_description": "Artikelnr.: 12050"}
{"product_name": "Pfeffer schwarz gemahlen", "brand": "kania", "regular_price": 0.59, "selling_price": 0.59, "price_per_unit": "pro 50g | 100g = 1.18 CHF", "breadcrumb": "Sortiment > Sortiment > Pfeffer schwarz gemahlen", "pdp_url": "https://sortiment.lidl.ch/de/pfeffer-schwarz-gemahlen-0012046", "product_description": "Artikelnr.: 12046"}
{"product_name": "Knorr Aromat Refill", "brand": "knorr", "regular_price": 5.19, "selling_price": 5.19, "price_per_unit": "pro 270g | 100g = 1.93 CHF", "breadcrumb": "Sortiment > Sortiment > Knorr Aromat Refill", "pdp_url": "https://sortiment.lidl.ch/de/knorr-aromat-refill-0003433", "product_description": "Artikelnr.: 3433"}
{"product_name": "Knorr Aromat Streuer", "brand": "knorr", "regular_price": 2.99, "selling_price": 2.99, "price_per_unit": "pro 90g | 100g = 3.33 CHF", "breadcrumb": "Sortiment > Sortiment > Knorr Aromat Streuer", "pdp_url": "https://sortiment.lidl.ch/de/knorr-aromat-streuer-0001463", "product_description": "Artikelnr.: 1463"}
{"product_name": "Maggi Würze flüssig", "brand": "maggi", "regular_price": 2.89, "selling_price": 2.89, "price_per_unit": "pro 250g | 100g = 1.16 CHF", "breadcrumb": "Sortiment > Sortiment > Maggi Würze flüssig", "pdp_url": "https://sortiment.lidl.ch/de/maggi-wuerze-fluessig-0001112", "product_description": "Artikelnr.: 1112"}
{"product_name": "Italienische Antipasti", "brand": "italiamo", "regular_price": 1.99, "selling_price": 1.99, "price_per_unit": "pro 140g, 157g, 180g (Abtropfgewicht) | 100g = 1.43, 1.27, 1.11 CHF", "breadcrumb": "Sortiment > Sortiment > Italienische Antipasti", "pdp_url": "https://sortiment.lidl.ch/de/italienische-antipasti-0039135", "product_description": "Artikelnr.: 39135"}
{"product_name": "Pastasauce", "brand": "combino", "regular_price": 1.09, "selling_price": 1.09, "price_per_unit": "pro 400ml | 100g = 0.26 CHF", "breadcrumb": "Sortiment > Sortiment > Pastasauce", "pdp_url": "https://sortiment.lidl.ch/de/pastasauce-0029787", "product_description": "Artikelnr.: 29787"}
{"product_name": "Italienischer Essig", "brand": "acentino", "regular_price": 1.69, "selling_price": 1.69, "price_per_unit": "pro 0,5l | 1L = 3.38 CHF", "breadcrumb": "Sortiment > Sortiment > Italienischer Essig", "pdp_url": "https://sortiment.lidl.ch/de/italienischer-essig-0022471", "product_description": "Artikelnr.: 22471"}
{"product_name": "Barilla Pesto", "brand": "barilla", "regular_price": 3.99, "selling_price": 3.19, "price_per_unit": "pro 190g, 200g | 100g = 1.68, 1.60 CHF", "breadcrumb": "Sortiment > Sortiment > Barilla Pesto", "pdp_url": "https://sortiment.lidl.ch/de/barilla-pesto-0002861", "product_description": "Artikelnr.: 2861"}
{"product_name": "Thomy Sauce", "brand": "thomy", "regular_price": 3.79, "selling_price": 3.79, "price_per_unit": "pro 250ml | 1L = 15.16 CHF", "breadcrumb": "Sortiment > Sortiment > Thomy Sauce", "pdp_url": "https://sortiment.lidl.ch/de/thomy-sauce-0001868", "product_description": "Artikelnr.: 1868"}
{"product_name": "Barilla Arrabbiata Sauce", "brand": "barilla", "regular_price": 2.99, "selling_price": 2.99, "price_per_unit": "pro 400g | 100g = 0.75 CHF", "breadcrumb": "Sortiment > Sortiment > Barilla Arrabbiata Sauce", "pdp_url": "https://sortiment.lidl.ch/de/barilla-arrabbiata-sauce-0001767", "product_description": "Artikelnr.: 1767"}
{"product_name": "Barilla Napoletana Sauce", "brand": "barilla", "regular_price": 2.99, "selling_price": 2.99, "price_per_unit": "pro 400g | 100g = 0.75 CHF", "breadcrumb": "Sortiment > Sortiment > Barilla Napoletana Sauce", "pdp_url": "https://sortiment.lidl.ch/de/barilla-napoletana-sauce-0001061", "product_description": "Artikelnr.: 1061"}
{"product_name": "Barilla Basilico Sauce", "brand": "barilla", "regular_price": 2.99, "selling_price": 2.99, "price_per_unit": "pro 400g | 100g = 0.75 CHF", "breadcrumb": "Sortiment > Sortiment > Barilla Basilico Sauce", "pdp_url": "https://sortiment.lidl.ch/de/barilla-basilico-sauce-0001060", "product_description": "Artikelnr.: 1060"}
{"product_name": "Bio Pastasauce", "brand": "combino", "regular_price": 1.85, "selling_price": 1.85, "price_per_unit": "pro 350g | 100g = 0.53 CHF", "breadcrumb": "Sortiment > Sortiment > Bio Pastasauce", "pdp_url": "https://sortiment.lidl.ch/de/bio-pastasauce-0039124", "product_description": "Artikelnr.: 39124"}
{"product_name": "Salsa Dips", "brand": "snack_day", "regular_price": 1.45, "selling_price": 1.45, "price_per_unit": "pro 300g, 315g | 100g = 0.49, 0.47 CHF", "breadcrumb": "Sortiment > Sortiment > Salsa Dips", "pdp_url": "https://sortiment.lidl.ch/de/salsa-dips-0011890", "product_description": "Artikelnr.: 11890"}
{"product_name": "Pesto", "brand": "italiamo", "regular_price": 1.59, "selling_price": 1.59, "price_per_unit": "pro 190g | 100g = 0.84 CHF", "breadcrumb": "Sortiment > Sortiment > Pesto", "pdp_url": "https://sortiment.lidl.ch/de/pesto-0011624", "product_description": "Artikelnr.: 11624"}
{"product_name": "Heinz Feinkostsaucen", "brand": "heinz", "regular_price": 2.69, "selling_price": 2.69, "price_per_unit": "pro 220ml | 1L = 12.23 CHF", "breadcrumb": "Sortiment > Sortiment > Heinz Feinkostsaucen", "pdp_url": "https://sortiment.lidl.ch/de/heinz-feinkostsaucen-0002968", "product_description": "Artikelnr.: 2968"}
{"product_name": "Barilla Bolognese/Ricotta Sauce", "brand": "barilla", "regular_price": 3.99, "selling_price": 3.99, "price_per_unit": "pro 400g | 100g = 1.00 CHF", "breadcrumb": "Sortiment > Sortiment > Barilla Bolognese/Ricotta Sauce", "pdp_url": "https://sortiment.lidl.ch/de/barilla-bolognese-ricotta-sauce-0003353", "product_description": "Artikelnr.: 3353"}
{"product_name": "Chirat Kressi Kräuteressig", "brand": "chirat", "regular_price": 3.29, "selling_price": 3.29, "price_per_unit": "pro 1l |", "breadcrumb": "Sortiment > Sortiment > Chirat Kressi Kräuteressig", "pdp_url": "https://sortiment.lidl.ch/de/chirat-kressi-kraeuteressig-0001430", "product_description": "Artikelnr.: 1430"}
{"product_name": "Mayonnaise", "brand": "kania", "regular_price": 1.49, "selling_price": 1.49, "price_per_unit": "pro 265g | 100g = 0.57 CHF", "breadcrumb": "Sortiment > Sortiment > Mayonnaise", "pdp_url": "https://sortiment.lidl.ch/de/mayonnaise-0003216", "product_description": "Artikelnr.: 3216"}
{"product_name": "Mayonnaise Spezialitäten", "brand": "kania", "regular_price": 1.75, "selling_price": 1.75, "price_per_unit": "pro 265g | 100g = 0.67 CHF", "breadcrumb": "Sortiment > Sortiment > Mayonnaise Spezialitäten", "pdp_url": "https://sortiment.lidl.ch/de/mayonnaise-spezialitaeten-0003134", "product_description": "Artikelnr.: 3134"}
{"product_name": "Thomynaise Light", "brand": "thomy", "regular_price": 2.79, "selling_price": 2.79, "price_per_unit": "pro 280g | 100g = 1.00 CHF", "breadcrumb": "Sortiment > Sortiment > Thomynaise Light", "pdp_url": "https://sortiment.lidl.ch/de/thomynaise-light-0001092", "product_description": "Artikelnr.: 1092"}
{"product_name": "Thomy Mayonnaise", "brand": "thomy", "regular_price": 2.79, "selling_price": 2.79, "price_per_unit": "pro 265g | 100g = 1.06 CHF", "breadcrumb": "Sortiment > Sortiment > Thomy Mayonnaise", "pdp_url": "https://sortiment.lidl.ch/de/thomy-mayonnaise-0001091", "product_description": "Artikelnr.: 1091"}
{"product_name": "Salate mit Dressing", "brand": "chef_select", "regular_price": 3.79, "selling_price": 3.79, "price_per_unit": "pro 300g | 100g = 1.27 CHF", "breadcrumb": "Sortiment > Sortiment > Salate mit Dressing", "pdp_url": "https://sortiment.lidl.ch/de/salate-mit-dressing-7701080", "product_description": "Artikelnr.: 7701080"}
{"product_name": "Bio Gemüsemischung", "brand": "saladinettes", "regular_price": 1.69, "selling_price": 1.69, "price_per_unit": "pro 200g, 250g | 100g = 0.85, 0.68 CHF", "breadcrumb": "Sortiment > Sortiment > Bio Gemüsemischung", "pdp_url": "https://sortiment.lidl.ch/de/bio-gemuesemischung-5103691", "product_description": "Artikelnr.: 5103691 diverse Sorten"}
{"product_name": "Bio Salatmischung", "brand": "saladinettes", "regular_price": 1.95, "selling_price": 1.95, "price_per_unit": "pro 150g, 180g | 100g = 1.30, 1.09 CHF", "breadcrumb": "Sortiment > Sortiment > Bio Salatmischung", "pdp_url": "https://sortiment.lidl.ch/de/bio-salatmischung-5104207", "product_description": "Artikelnr.: 5104207 diverse Sorten"}
{"product_name": "Mischsalat DUO", "brand": "chef_select", "regular_price": 1.99, "selling_price": 1.99, "price_per_unit": "pro 400g | 100g = 0.50 CHF", "breadcrumb": "Sortiment > Sortiment > Mischsalat DUO", "pdp_url": "https://sortiment.lidl.ch/de/mischsalat-duo-5107432", "product_description": "Artikelnr.: 5107432"}
{"product_name": "Mischsalat Family Edition", "brand": "", "regular_price": 2.49, "selling_price": 2.49, "price_per_unit": "pro 500g | 100g = 0.50 CHF", "breadcrumb": "Sortiment > Sortiment > Mischsalat Family Edition", "pdp_url": "https://sortiment.lidl.ch/de/mischsalat-family-edition-5103683", "product_description": "Artikelnr.: 5103683"}
{"product_name": "Gemischter Blattsalat", "brand": "", "regular_price": 1.59, "selling_price": 1.59, "price_per_unit": "pro 250g | 100g = 0.64 CHF", "breadcrumb": "Sortiment > Sortiment > Gemischter Blattsalat", "pdp_url": "https://sortiment.lidl.ch/de/gemischter-blattsalat-5100829", "product_description": "Artikelnr.: 5100829"}
{"product_name": "Nüsslisalat", "brand": "chef_select", "regular_price": 2.49, "selling_price": 2.49, "price_per_unit": "pro 100g |", "breadcrumb": "Sortiment > Sortiment > Nüsslisalat", "pdp_url": "https://sortiment.lidl.ch/de/nuesslisalat-5100819", "product_description": "Artikelnr.: 5100819"}
{"product_name": "Premium Salatdressing", "brand": "", "regular_price": 1.99, "selling_price": 1.99, "price_per_unit": "pro 500ml | 1L = 3.98 CHF", "breadcrumb": "Sortiment > Sortiment > Premium Salatdressing", "pdp_url": "https://sortiment.lidl.ch/de/premium-salatdressing-5100476", "product_description": "Artikelnr.: 5100476"}
{"product_name": "Italian Dressing", "brand": "", "regular_price": 1.99, "selling_price": 1.59, "price_per_unit": "pro 1000ml |", "breadcrumb": "Sortiment > Sortiment > Italian Dressing", "pdp_url": "https://sortiment.lidl.ch/de/italian-dressing-5100480", "product_description": "Artikelnr.: 5100480"}
{"product_name": "French Dressing mit Kräutern", "brand": "saladinettes", "regular_price": 1.99, "selling_price": 1.59, "price_per_unit": "pro 1l |", "breadcrumb": "Sortiment > Sortiment > French Dressing mit Kräutern", "pdp_url": "https://sortiment.lidl.ch/de/french-dressing-mit-kraeutern-0002470", "product_description": "Artikelnr.: 2470"}
{"product_name": "ASC Forellenfilet geräuchert", "brand": "", "regular_price": 2.95, "selling_price": 2.95, "price_per_unit": "pro 125g | 100g = 2.36 CHF", "breadcrumb": "Sortiment > Sortiment > ASC Forellenfilet geräuchert", "pdp_url": "https://sortiment.lidl.ch/de/asc-forellenfilet-geraeuchert-0116232", "product_description": "Artikelnr.: 116232"}
{"product_name": "ASC Stremel-Lachs", "brand": "", "regular_price": 3.95, "selling_price": 3.95, "price_per_unit": "pro 125g | 100g = 3.16 CHF", "breadcrumb": "Sortiment > Sortiment > ASC Stremel-Lachs", "pdp_url": "https://sortiment.lidl.ch/de/asc-stremel-lachs-0115931", "product_description": "Artikelnr.: 115931"}
{"product_name": "ASC Lachsforelle", "brand": "", "regular_price": 3.49, "selling_price": 3.49, "price_per_unit": "pro 100g |", "breadcrumb": "Sortiment > Sortiment > ASC Lachsforelle", "pdp_url": "https://sortiment.lidl.ch/de/asc-lachsforelle-0138120", "product_description": "Artikelnr.: 138120"}
{"product_name": "ASC Norwegischer Rauchlachs", "brand": "", "regular_price": 4.95, "selling_price": 4.95, "price_per_unit": "pro 200g | 100g = 2.48 CHF", "breadcrumb": "Sortiment > Sortiment > ASC Norwegischer Rauchlachs", "pdp_url": "https://sortiment.lidl.ch/de/asc-norwegischer-rauchlachs-0116536", "product_description": "Artikelnr.: 116536"}
{"product_name": "Bio Räucherlachs", "brand": "ocean_sea", "regular_price": 4.49, "selling_price": 4.49, "price_per_unit": "pro 100g |", "breadcrumb": "Sortiment > Sortiment > Bio Räucherlachs", "pdp_url": "https://sortiment.lidl.ch/de/bio-raeucherlachs-0088225", "product_description": "Artikelnr.: 88225"}
{"product_name": "MSC Alaska Wildlachs Sockeye", "brand": "deluxe", "regular_price": 4.49, "selling_price": 4.49, "price_per_unit": "pro 100g |", "breadcrumb": "Sortiment > Sortiment > MSC Alaska Wildlachs Sockeye", "pdp_url": "https://sortiment.lidl.ch/de/msc-alaska-wildlachs-sockeye-0063452", "product_description": "Artikelnr.: 63452"}
{"product_name": "Spinatspätzli", "brand": "chef_select", "regular_price": 2.99, "selling_price": 2.99, "price_per_unit": "pro 500g | 100g = 0.60 CHF", "breadcrumb": "Sortiment > Sortiment > Spinatspätzli", "pdp_url": "https://sortiment.lidl.ch/de/spinatspaetzli-5104987", "product_description": "Artikelnr.: 5104987"}
{"product_name": "Kuchenteig", "brand": "", "regular_price": 1.25, "selling_price": 1.25, "price_per_unit": "pro 300g | 100g = 0.42 CHF", "breadcrumb": "Sortiment > Sortiment > Kuchenteig", "pdp_url": "https://sortiment.lidl.ch/de/kuchenteig-7706944", "product_description": "Artikelnr.: 7706944"}
{"product_name": "Frische Tortelloni", "brand": "chef_select", "regular_price": 1.79, "selling_price": 1.79, "price_per_unit": "pro 400g | 100g = 0.45 CHF", "breadcrumb": "Sortiment > Sortiment > Frische Tortelloni", "pdp_url": "https://sortiment.lidl.ch/de/frische-tortelloni-0143578", "product_description": "Artikelnr.: 143578"}
{"product_name": "Teigwaren", "brand": "chef_select", "regular_price": 1.85, "selling_price": 1.45, "price_per_unit": "pro 500g | LP 100g = 0.29 CHF", "breadcrumb": "Sortiment > Sortiment > Teigwaren", "pdp_url": "https://sortiment.lidl.ch/de/teigwaren-0011503", "product_description": "Artikelnr.: 11503"}
{"product_name": "Bürger Schwäbische Maultaschen", "brand": "", "regular_price": 2.99, "selling_price": 2.99, "price_per_unit": "pro 300g, 360g | 100g = 1.00, 0.84 CHF", "breadcrumb": "Sortiment > Sortiment > Bürger Schwäbische Maultaschen", "pdp_url": "https://sortiment.lidl.ch/de/buerger-schwaebische-maultaschen-7701096", "product_description": "Artikelnr.: 7701096"}
{"product_name": "Premium Pasta Rohschinken", "brand": "baresa", "regular_price": 2.95, "selling_price": 2.95, "price_per_unit": "pro 250g | 100g = 1.18 CHF", "breadcrumb": "Sortiment > Sortiment > Premium Pasta Rohschinken", "pdp_url": "https://sortiment.lidl.ch/de/premium-pasta-rohschinken-0139799", "product_description": "Artikelnr.: 139799"}
{"product_name": "Premium Pasta Steinpilze", "brand": "baresa", "regular_price": 2.95, "selling_price": 2.95, "price_per_unit": "pro 250g | 100g = 1.18 CHF", "breadcrumb": "Sortiment > Sortiment > Premium Pasta Steinpilze", "pdp_url": "https://sortiment.lidl.ch/de/premium-pasta-steinpilze-0139798", "product_description": "Artikelnr.: 139798"}
{"product_name": "Premium Pasta Ricotta und Spinat", "brand": "baresa", "regular_price": 2.95, "selling_price": 2.95, "price_per_unit": "pro 250g | 100g = 1.18 CHF", "breadcrumb": "Sortiment > Sortiment > Premium Pasta Ricotta und Spinat", "pdp_url": "https://sortiment.lidl.ch/de/premium-pasta-ricotta-und-spinat-0139797", "product_description": "Artikelnr.: 139797"}
{"product_name": "Premium Tortelloni Basilikumpesto", "brand": "chef_select", "regular_price": 2.95, "selling_price": 2.95, "price_per_unit": "pro 250g | 100g = 1.18 CHF", "breadcrumb": "Sortiment > Sortiment > Premium Tortelloni Basilikumpesto", "pdp_url": "https://sortiment.lidl.ch/de/premium-tortelloni-basilikumpesto-0139796", "product_description": "Artikelnr.: 139796"}
{"product_name": "Eierspätzli", "brand": "chef_select", "regular_price": 1.85, "selling_price": 1.85, "price_per_unit": "pro 500g | 100g = 0.37 CHF", "breadcrumb": "Sortiment > Sortiment > Eierspätzli", "pdp_url": "https://sortiment.lidl.ch/de/eierspaetzli-0031773", "product_description": "Artikelnr.: 31773"}
{"product_name": "Traditionelle Fertiggerichte", "brand": "chef_select", "regular_price": 2.55, "selling_price": 2.55, "price_per_unit": "pro 350g | 100g = 0.73 CHF", "breadcrumb": "Sortiment > Sortiment > Traditionelle Fertiggerichte", "pdp_url": "https://sortiment.lidl.ch/de/traditionelle-fertiggerichte-0085644", "product_description": "Artikelnr.: 85644"}
{"product_name": "Pizza", "brand": "chef_select", "regular_price": 2.99, "selling_price": 2.99, "price_per_unit": "pro 430g | 100g = 0.70 CHF", "breadcrumb": "Sortiment > Sortiment > Pizza", "pdp_url": "https://sortiment.lidl.ch/de/pizza-0028492", "product_description": "Artikelnr.: 28492"}
{"product_name": "Weggli", "brand": "chef_select", "regular_price": 1.69, "selling_price": 1.69, "price_per_unit": "pro 120g, 125g | 100g = 1.41, 1.36 CHF", "breadcrumb": "Sortiment > Sortiment > Weggli", "pdp_url": "https://sortiment.lidl.ch/de/weggli-0002491", "product_description": "Artikelnr.: 2491"}
{"product_name": "Premium Burger", "brand": "chef_select", "regular_price": 4.95, "selling_price": 4.95, "price_per_unit": "pro 226g, 233g, 245g | 100g = 2.20, 2.13, 2.03 CHF", "breadcrumb": "Sortiment > Sortiment > Premium Burger", "pdp_url": "https://sortiment.lidl.ch/de/premium-burger-5107830", "product_description": "Artikelnr.: 5107830"}
{"product_name": "Focaccia", "brand": "chef_select", "regular_price": 2.99, "selling_price": 2.99, "price_per_unit": "pro 300g | 100g = 1.00 CHF", "breadcrumb": "Sortiment > Sortiment > Focaccia", "pdp_url": "https://sortiment.lidl.ch/de/focaccia-0106511", "product_description": "Artikelnr.: 106511"}
{"product_name": "Red Thai Curry / Exotic Curry", "brand": "", "regular_price": 3.29, "selling_price": 3.29, "price_per_unit": "pro 350g | 100g = 0.94 CHF", "breadcrumb": "Sortiment > Sortiment > Red Thai Curry / Exotic Curry", "pdp_url": "https://sortiment.lidl.ch/de/red-thai-curry-exotic-curry-0106375", "product_description": "Artikelnr.: 106375"}
{"product_name": "Baguette", "brand": "chef_select", "regular_price": 0.99, "selling_price": 0.99, "price_per_unit": "pro 175g | 100g = 0.57 CHF", "breadcrumb": "Sortiment > Sortiment > Baguette", "pdp_url": "https://sortiment.lidl.ch/de/baguette-0055851", "product_description": "Artikelnr.: 55851"}
{"product_name": "Lasagne / Makkaroniauflauf", "brand": "chef_select", "regular_price": 2.99, "selling_price": 2.99, "price_per_unit": "pro 400g | 100g = 0.75 CHF", "breadcrumb": "Sortiment > Sortiment > Lasagne / Makkaroniauflauf", "pdp_url": "https://sortiment.lidl.ch/de/lasagne-makkaroniauflauf-0135160", "product_description": "Artikelnr.: 135160"}
{"product_name": "Asiatische Fertiggerichte", "brand": "chef_select", "regular_price": 3.29, "selling_price": 3.29, "price_per_unit": "pro 350g | 100g = 0.94 CHF", "breadcrumb": "Sortiment > Sortiment > Asiatische Fertiggerichte", "pdp_url": "https://sortiment.lidl.ch/de/asiatische-fertiggerichte-0085237", "product_description": "Artikelnr.: 85237"}
{"product_name": "Lasagne Bolognese", "brand": "chef_select", "regular_price": 5.59, "selling_price": 5.59, "price_per_unit": "pro 1kg |", "breadcrumb": "Sortiment > Sortiment > Lasagne Bolognese", "pdp_url": "https://sortiment.lidl.ch/de/lasagne-bolognese-0010315", "product_description": "Artikelnr.: 10315"}
{"product_name": "Elsässer Flammkuchen", "brand": "chef_select", "regular_price": 2.69, "selling_price": 2.69, "price_per_unit": "pro 350g | 100g = 0.77 CHF", "breadcrumb": "Sortiment > Sortiment > Elsässer Flammkuchen", "pdp_url": "https://sortiment.lidl.ch/de/elsaesser-flammkuchen-0002929", "product_description": "Artikelnr.: 2929"}
{"product_name": "Bulgur Salate", "brand": "chef_select", "regular_price": 1.99, "selling_price": 1.99, "price_per_unit": "pro 200g, 250g | 100g = 1.00, 0.80 CHF", "breadcrumb": "Sortiment > Sortiment > Bulgur Salate", "pdp_url": "https://sortiment.lidl.ch/de/bulgur-salate-0119137", "product_description": "Artikelnr.: 119137"}
{"product_name": "Frische Birchermüesli", "brand": "chef_select", "regular_price": 2.99, "selling_price": 2.99, "price_per_unit": "pro 300g | 100g = 1.00 CHF", "breadcrumb": "Sortiment > Sortiment > Frische Birchermüesli", "pdp_url": "https://sortiment.lidl.ch/de/frische-birchermueesli-5107427", "product_description": "Artikelnr.: 5107427"}
{"product_name": "Frische Beilagens", "brand": "chef_select", "regular_price": 2.39, "selling_price": 2.39, "price_per_unit": "pro 210g, 300g | 100g = 1.14, 0.80 CHF", "breadcrumb": "Sortiment > Sortiment > Frische Beilagens", "pdp_url": "https://sortiment.lidl.ch/de/frische-beilagens-5107420", "product_description": "Artikelnr.: 5107420"}
{"product_name": "Black Angus Rindsfilet", "brand": "carnesi", "regular_price": 5.49, "selling_price": 5.49, "price_per_unit": "pro 100g, ca. 160-200g |", "breadcrumb": "Sortiment > Sortiment > Black Angus Rindsfilet", "pdp_url": "https://sortiment.lidl.ch/de/black-angus-rindsfilet-0002652", "product_description": "Artikelnr.: 2652"}
{"product_name": "Bio Weiderind Hamburger", "brand": "bonvalle", "regular_price": 6.99, "selling_price": 6.99, "price_per_unit": "pro 2x125g | 100g = 2.80 CHF", "breadcrumb": "Sortiment > Sortiment > Bio Weiderind Hamburger", "pdp_url": "https://sortiment.lidl.ch/de/bio-weiderind-hamburger-5106240", "product_description": "Artikelnr.: 5106240"}
{"product_name": "Rindsfilet Médaillon", "brand": "bonvalle", "regular_price": 7.99, "selling_price": 7.99, "price_per_unit": "pro 100g, ca. 180-220g |", "breadcrumb": "Sortiment > Sortiment > Rindsfilet Médaillon", "pdp_url": "https://sortiment.lidl.ch/de/rindsfilet-medaillon-0001372", "product_description": "Artikelnr.: 1372"}
{"product_name": "Entrecôte", "brand": "bonvalle", "regular_price": 3.99, "selling_price": 3.99, "price_per_unit": "pro 100g, ca. 230-270g |", "breadcrumb": "Sortiment > Sortiment > Entrecôte", "pdp_url": "https://sortiment.lidl.ch/de/entrecote-0001374", "product_description": "Artikelnr.: 1374"}
{"product_name": "Premium Burger", "brand": "bonvalle", "regular_price": 4.99, "selling_price": 4.99, "price_per_unit": "pro 4x100g | 100g = 1.25 CHF", "breadcrumb": "Sortiment > Sortiment > Premium Burger", "pdp_url": "https://sortiment.lidl.ch/de/premium-burger-5107093", "product_description": "Artikelnr.: 5107093"}
{"product_name": "Black Angus Ribeye", "brand": "carnesi", "regular_price": 5.99, "selling_price": 5.99, "price_per_unit": "pro 100g, ca. 200-240g |", "breadcrumb": "Sortiment > Sortiment > Black Angus Ribeye", "pdp_url": "https://sortiment.lidl.ch/de/black-angus-ribeye-5103948", "product_description": "Artikelnr.: 5103948"}
{"product_name": "Rib Eye Steak vom Hohrücken", "brand": "bonvalle", "regular_price": 4.79, "selling_price": 4.79, "price_per_unit": "pro 100g, ca. 230-270g |", "breadcrumb": "Sortiment > Sortiment > Rib Eye Steak vom Hohrücken", "pdp_url": "https://sortiment.lidl.ch/de/rib-eye-steak-vom-hohruecken-0006145", "product_description": "Artikelnr.: 6145"}
{"product_name": "Rindsgeschnetzeltes", "brand": "bonvalle", "regular_price": 6.99, "selling_price": 6.99, "price_per_unit": "pro 300g | 100g = 2.33 CHF", "breadcrumb": "Sortiment > Sortiment > Rindsgeschnetzeltes", "pdp_url": "https://sortiment.lidl.ch/de/rindsgeschnetzeltes-0005878", "product_description": "Artikelnr.: 5878"}
{"product_name": "Rindshackfleisch light", "brand": "bonvalle", "regular_price": 6.99, "selling_price": 6.99, "price_per_unit": "pro 400g | 100g = 1.75 CHF", "breadcrumb": "Sortiment > Sortiment > Rindshackfleisch light", "pdp_url": "https://sortiment.lidl.ch/de/rindshackfleisch-light-0005445", "product_description": "Artikelnr.: 5445"}
{"product_name": "Black Angus Entrecote", "brand": "carnesi", "regular_price": 4.99, "selling_price": 4.99, "price_per_unit": "pro 100g, ca. 180-220g |", "breadcrumb": "Sortiment > Sortiment > Black Angus Entrecote", "pdp_url": "https://sortiment.lidl.ch/de/black-angus-entrecote-0002653", "product_description": "Artikelnr.: 2653"}
{"product_name": "Rindsragout", "brand": "bonvalle", "regular_price": 7.95, "selling_price": 7.95, "price_per_unit": "pro 400g | 100g = 1.99 CHF", "breadcrumb": "Sortiment > Sortiment > Rindsragout", "pdp_url": "https://sortiment.lidl.ch/de/rindsragout-0001375", "product_description": "Artikelnr.: 1375"}
{"product_name": "Schweinsragout / Schweinsgeschnetz.", "brand": "bonvalle", "regular_price": 6.79, "selling_price": 6.79, "price_per_unit": "pro 400g, 500g | 100g = 1.70, 1.36 CHF", "breadcrumb": "Sortiment > Sortiment > Schweinsragout / Schweinsgeschnetz.", "pdp_url": "https://sortiment.lidl.ch/de/schweinsragout-schweinsgeschnetz-5106945", "product_description": "Artikelnr.: 5106945"}
{"product_name": "Schweinsnierstück Plätzli", "brand": "bonvalle", "regular_price": 8.55, "selling_price": 8.55, "price_per_unit": "pro 380g | 100g = 2.25 CHF", "breadcrumb": "Sortiment > Sortiment > Schweinsnierstück Plätzli", "pdp_url": "https://sortiment.lidl.ch/de/schweinsnierstueck-plaetzli-5104176", "product_description": "Artikelnr.: 5104176"}
{"product_name": "Tessiner Grillwurst", "brand": "bonvalle", "regular_price": 4.99, "selling_price": 4.99, "price_per_unit": "pro 280g | 100g = 1.79 CHF", "breadcrumb": "Sortiment > Sortiment > Tessiner Grillwurst", "pdp_url": "https://sortiment.lidl.ch/de/tessiner-grillwurst-5103969", "product_description": "Artikelnr.: 5103969"}
{"product_name": "Schweinshals am Stück", "brand": "bonvalle", "regular_price": 1.89, "selling_price": 1.89, "price_per_unit": "pro 100g, ca. 800-1200g |", "breadcrumb": "Sortiment > Sortiment > Schweinshals am Stück", "pdp_url": "https://sortiment.lidl.ch/de/schweinshals-am-stueck-5103967", "product_description": "Artikelnr.: 5103967"}
{"product_name": "Cognac Steak", "brand": "deluxe", "regular_price": 9.99, "selling_price": 9.99, "price_per_unit": "pro 2x180g | 100g = 2.78 CHF", "breadcrumb": "Sortiment > Sortiment > Cognac Steak", "pdp_url": "https://sortiment.lidl.ch/de/cognac-steak-0002613", "product_description": "Artikelnr.: 2613"}
{"product_name": "Schweinshals Koteletts", "brand": "bonvalle", "regular_price": 6.25, "selling_price": 6.25, "price_per_unit": "pro 500g | 100g = 1.25 CHF", "breadcrumb": "Sortiment > Sortiment > Schweinshals Koteletts", "pdp_url": "https://sortiment.lidl.ch/de/schweinshals-koteletts-0001415", "product_description": "Artikelnr.: 1415"}
{"product_name": "Schweinsschnitzel vom Stotzen", "brand": "bonvalle", "regular_price": 8.99, "selling_price": 8.99, "price_per_unit": "pro 500g | 100g = 1.80 CHF", "breadcrumb": "Sortiment > Sortiment > Schweinsschnitzel vom Stotzen", "pdp_url": "https://sortiment.lidl.ch/de/schweinsschnitzel-vom-stotzen-0001411", "product_description": "Artikelnr.: 1411"}
{"product_name": "Schweinsnierstück Steak", "brand": "bonvalle", "regular_price": 8.99, "selling_price": 8.99, "price_per_unit": "pro 400g | 100g = 2.25 CHF", "breadcrumb": "Sortiment > Sortiment > Schweinsnierstück Steak", "pdp_url": "https://sortiment.lidl.ch/de/schweinsnierstueck-steak-0001410", "product_description": "Artikelnr.: 1410"}
{"product_name": "Mini Bacon Burger", "brand": "bonvalle", "regular_price": 3.79, "selling_price": 3.79, "price_per_unit": "pro 220g | 100g = 1.73 CHF", "breadcrumb": "Sortiment > Sortiment > Mini Bacon Burger", "pdp_url": "https://sortiment.lidl.ch/de/mini-bacon-burger-0003161", "product_description": "Artikelnr.: 3161"}
{"product_name": "Lammfilet", "brand": "deluxe", "regular_price": 4.79, "selling_price": 4.79, "price_per_unit": "pro 100g, ca. 190-320g |", "breadcrumb": "Sortiment > Sortiment > Lammfilet", "pdp_url": "https://sortiment.lidl.ch/de/lammfilet-0002791", "product_description": "Artikelnr.: 2791"}
{"product_name": "Crispy Chicken", "brand": "culinea", "regular_price": 6.85, "selling_price": 6.85, "price_per_unit": "pro 700g | 100g = 0.98 CHF", "breadcrumb": "Sortiment > Sortiment > Crispy Chicken", "pdp_url": "https://sortiment.lidl.ch/de/crispy-chicken-5107168", "product_description": "Artikelnr.: 5107168"}
{"product_name": "Poulet Nuggets", "brand": "culinea", "regular_price": 7.99, "selling_price": 7.99, "price_per_unit": "pro 750g | 100g = 1.07 CHF", "breadcrumb": "Sortiment > Sortiment > Poulet Nuggets", "pdp_url": "https://sortiment.lidl.ch/de/poulet-nuggets-5107166", "product_description": "Artikelnr.: 5107166"}
{"product_name": "Chicken Balls Curry", "brand": "culinea", "regular_price": 8.49, "selling_price": 8.49, "price_per_unit": "pro 500g | 100g = 1.70 CHF", "breadcrumb": "Sortiment > Sortiment > Chicken Balls Curry", "pdp_url": "https://sortiment.lidl.ch/de/chicken-balls-curry-5106013", "product_description": "Artikelnr.: 5106013"}
{"product_name": "Chicken Nuggets", "brand": "", "regular_price": 4.49, "selling_price": 4.49, "price_per_unit": "pro 300g | 100g = 1.50 CHF", "breadcrumb": "Sortiment > Sortiment > Chicken Nuggets", "pdp_url": "https://sortiment.lidl.ch/de/chicken-nuggets-0130339", "product_description": "Artikelnr.: 130339"}
{"product_name": "Chicken Strips mit Curry-Dip", "brand": "", "regular_price": 8.29, "selling_price": 8.29, "price_per_unit": "pro 500g | 100g = 1.66 CHF", "breadcrumb": "Sortiment > Sortiment > Chicken Strips mit Curry-Dip", "pdp_url": "https://sortiment.lidl.ch/de/chicken-strips-mit-curry-dip-0012192", "product_description": "Artikelnr.: 12192"}
{"product_name": "MSC Schlemmerfilet", "brand": "ocean_sea", "regular_price": 2.99, "selling_price": 2.99, "price_per_unit": "pro 400g | 100g = 0.75 CHF", "breadcrumb": "Sortiment > Sortiment > MSC Schlemmerfilet", "pdp_url": "https://sortiment.lidl.ch/de/msc-schlemmerfilet-0031304", "product_description": "Artikelnr.: 31304"}
{"product_name": "MSC Knusperfilet", "brand": "ocean_sea", "regular_price": 3.09, "selling_price": 3.09, "price_per_unit": "pro 400g | 100g = 0.78 CHF", "breadcrumb": "Sortiment > Sortiment > MSC Knusperfilet", "pdp_url": "https://sortiment.lidl.ch/de/msc-knusperfilet-0122475", "product_description": "Artikelnr.: 122475"}
{"product_name": "ASC Riesencrevetten", "brand": "ocean_sea", "regular_price": 9.35, "selling_price": 9.35, "price_per_unit": "pro 500g | 100g = 2.08 CHF", "breadcrumb": "Sortiment > Sortiment > ASC Riesencrevetten", "pdp_url": "https://sortiment.lidl.ch/de/asc-riesencrevetten-0127765", "product_description": "Artikelnr.: 127765"}
{"product_name": "MSC Fischstäbchen", "brand": "", "regular_price": 1.99, "selling_price": 1.99, "price_per_unit": "pro 450g | 100g = 0.45 CHF", "breadcrumb": "Sortiment > Sortiment > MSC Fischstäbchen", "pdp_url": "https://sortiment.lidl.ch/de/msc-fischstaebchen-0112834", "product_description": "Artikelnr.: 112834"}
{"product_name": "ASC Crevetten Tail-on", "brand": "ocean_sea", "regular_price": 11.49, "selling_price": 11.49, "price_per_unit": "pro 450g (Abtropfgewicht) | 100g = 2.56 CHF", "breadcrumb": "Sortiment > Sortiment > ASC Crevetten Tail-on", "pdp_url": "https://sortiment.lidl.ch/de/asc-crevetten-tail-on-0074967", "product_description": "Artikelnr.: 74967"}
{"product_name": "MSC Kabeljaufilets", "brand": "ocean_sea", "regular_price": 9.95, "selling_price": 9.95, "price_per_unit": "pro 540g (Abtropfgewicht) | 100g = 1.85 CHF", "breadcrumb": "Sortiment > Sortiment > MSC Kabeljaufilets", "pdp_url": "https://sortiment.lidl.ch/de/msc-kabeljaufilets-0062527", "product_description": "Artikelnr.: 62527"}
{"product_name": "MSC Fischstäbchen", "brand": "ocean_sea", "regular_price": 2.99, "selling_price": 2.99, "price_per_unit": "pro 450g | 100g = 0.67 CHF", "breadcrumb": "Sortiment > Sortiment > MSC Fischstäbchen", "pdp_url": "https://sortiment.lidl.ch/de/msc-fischstaebchen-0012139", "product_description": "Artikelnr.: 12139"}
{"product_name": "Buitoni Piccolinis", "brand": "buitoni", "regular_price": 4.95, "selling_price": 4.95, "price_per_unit": "pro 270g | 100g = 1.84 CHF", "breadcrumb": "Sortiment > Sortiment > Buitoni Piccolinis", "pdp_url": "https://sortiment.lidl.ch/de/buitoni-piccolinis-0003452", "product_description": "Artikelnr.: 3452"}
{"product_name": "Steinofen-Pizza Mozzarella, 4 Käse", "brand": "trattoria_alfredo", "regular_price": 4.09, "selling_price": 2.99, "price_per_unit": "pro 2x335g, 2x340g | 100g = 0.45, 0.44 CHF", "breadcrumb": "Sortiment > Sortiment > Steinofen-Pizza Mozzarella, 4 Käse", "pdp_url": "https://sortiment.lidl.ch/de/steinofen-pizza-mozzarella-4-kaese-0098651", "product_description": "Artikelnr.: 98651"}
{"product_name": "Steinofen-Pizza Schinken", "brand": "trattoria_alfredo", "regular_price": 3.99, "selling_price": 3.99, "price_per_unit": "pro 2x330g | 100g = 0.61 CHF", "breadcrumb": "Sortiment > Sortiment > Steinofen-Pizza Schinken", "pdp_url": "https://sortiment.lidl.ch/de/steinofen-pizza-schinken-0116119", "product_description": "Artikelnr.: 116119"}
{"product_name": "Picco Pizzi Schinken / Salami", "brand": "trattoria_alfredo", "regular_price": 3.49, "selling_price": 3.49, "price_per_unit": "pro 360g | 100g = 0.97 CHF", "breadcrumb": "Sortiment > Sortiment > Picco Pizzi Schinken / Salami", "pdp_url": "https://sortiment.lidl.ch/de/picco-pizzi-schinken-salami-0063013", "product_description": "Artikelnr.: 63013"}
{"product_name": "Mini Windbeutel", "brand": "confiserie_firenze", "regular_price": 2.99, "selling_price": 2.99, "price_per_unit": "pro 250g | 100g = 1.20 CHF", "breadcrumb": "Sortiment > Sortiment > Mini Windbeutel", "pdp_url": "https://sortiment.lidl.ch/de/mini-windbeutel-7400665", "product_description": "Artikelnr.: 7400665"}
{"product_name": "Laugenbrezel mit Butter", "brand": "chef_select", "regular_price": 7.39, "selling_price": 7.39, "price_per_unit": "pro 6x70g | 100g = 1.76 CHF", "breadcrumb": "Sortiment > Sortiment > Laugenbrezel mit Butter", "pdp_url": "https://sortiment.lidl.ch/de/laugenbrezel-mit-butter-5107658", "product_description": "Artikelnr.: 5107658"}
{"product_name": "Dr. Oetker Bistro Chäschüechli", "brand": "dr._oetker", "regular_price": 6.89, "selling_price": 6.89, "price_per_unit": "pro 280g | 100g = 2.47 CHF", "breadcrumb": "Sortiment > Sortiment > Dr. Oetker Bistro Chäschüechli", "pdp_url": "https://sortiment.lidl.ch/de/dr-oetker-bistro-chaeschueechli-5106201", "product_description": "Artikelnr.: 5106201"}
{"product_name": "Steinofen-Pizza Salami", "brand": "trattoria_alfredo", "regular_price": 4.99, "selling_price": 4.99, "price_per_unit": "pro 3x350g | 100g = 0.48 CHF", "breadcrumb": "Sortiment > Sortiment > Steinofen-Pizza Salami", "pdp_url": "https://sortiment.lidl.ch/de/steinofen-pizza-salami-0012474", "product_description": "Artikelnr.: 12474"}
{"product_name": "Steinofen-Pizza Margherita", "brand": "trattoria_alfredo", "regular_price": 3.59, "selling_price": 3.59, "price_per_unit": "pro 3x300g | 100g = 0.40 CHF", "breadcrumb": "Sortiment > Sortiment > Steinofen-Pizza Margherita", "pdp_url": "https://sortiment.lidl.ch/de/steinofen-pizza-margherita-0012473", "product_description": "Artikelnr.: 12473"}
{"product_name": "Beerenmix / Erdbeeren", "brand": "", "regular_price": 3.59, "selling_price": 3.59, "price_per_unit": "pro 750g | 100g = 0.48 CHF", "breadcrumb": "Sortiment > Sortiment > Beerenmix / Erdbeeren", "pdp_url": "https://sortiment.lidl.ch/de/beerenmix-erdbeeren-0029029", "product_description": "Artikelnr.: 29029"}
{"product_name": "Bio Gemüse", "brand": "freshona", "regular_price": 3.99, "selling_price": 3.99, "price_per_unit": "pro 750g | 100g = 0.54 CHF", "breadcrumb": "Sortiment > Sortiment > Bio Gemüse", "pdp_url": "https://sortiment.lidl.ch/de/bio-gemuese-0024686", "product_description": "Artikelnr.: 24686"}
{"product_name": "Schweizer Gemüse", "brand": "freshona", "regular_price": 3.49, "selling_price": 3.49, "price_per_unit": "pro 500g, 600g | 100g = 0.70, 0.59 CHF", "breadcrumb": "Sortiment > Sortiment > Schweizer Gemüse", "pdp_url": "https://sortiment.lidl.ch/de/schweizer-gemuese-0002587", "product_description": "Artikelnr.: 2587"}
{"product_name": "Erbsen / Erbsen & Karotten", "brand": "freshona", "regular_price": 2.95, "selling_price": 2.95, "price_per_unit": "pro 750g, 900g | 100g = 0.40, 0.33 CHF", "breadcrumb": "Sortiment > Sortiment > Erbsen / Erbsen & Karotten", "pdp_url": "https://sortiment.lidl.ch/de/erbsen-erbsen-karotten-0002808", "product_description": "Artikelnr.: 2808"}
{"product_name": "Himbeeren", "brand": "", "regular_price": 4.99, "selling_price": 4.99, "price_per_unit": "pro 500g | 100g = 1.00 CHF", "breadcrumb": "Sortiment > Sortiment > Himbeeren", "pdp_url": "https://sortiment.lidl.ch/de/himbeeren-0012134", "product_description": "Artikelnr.: 12134"}
{"product_name": "Gemüsepfanne gewürzt", "brand": "freshona", "regular_price": 2.99, "selling_price": 2.99, "price_per_unit": "pro 750g | 100g = 0.40 CHF", "breadcrumb": "Sortiment > Sortiment > Gemüsepfanne gewürzt", "pdp_url": "https://sortiment.lidl.ch/de/gemuesepfanne-gewuerzt-0012083", "product_description": "Artikelnr.: 12083"}
{"product_name": "Sorbets", "brand": "gelatelli", "regular_price": 2.89, "selling_price": 2.89, "price_per_unit": "pro 1000ml |", "breadcrumb": "Sortiment > Sortiment > Sorbets", "pdp_url": "https://sortiment.lidl.ch/de/sorbets-0060700", "product_description": "Artikelnr.: 60700"}
{"product_name": "Cornets", "brand": "", "regular_price": 2.09, "selling_price": 2.09, "price_per_unit": "pro 6x120ml | 1L = 2.91 CHF", "breadcrumb": "Sortiment > Sortiment > Cornets", "pdp_url": "https://sortiment.lidl.ch/de/cornets-0054742", "product_description": "Artikelnr.: 54742"}
{"product_name": "Eis gestrudelt", "brand": "gelatelli", "regular_price": 3.49, "selling_price": 3.49, "price_per_unit": "pro 900ml | 1L = 3.88 CHF", "breadcrumb": "Sortiment > Sortiment > Eis gestrudelt", "pdp_url": "https://sortiment.lidl.ch/de/eis-gestrudelt-0137052", "product_description": "Artikelnr.: 137052"}
{"product_name": "Crisp'N'Cake", "brand": "gelatelli", "regular_price": 2.59, "selling_price": 2.59, "price_per_unit": "pro 600ml | 1L = 4.32 CHF", "breadcrumb": "Sortiment > Sortiment > Crisp'N'Cake", "pdp_url": "https://sortiment.lidl.ch/de/crisp-n-cake-0036669", "product_description": "Artikelnr.: 36669"}
{"product_name": "Mini Mix assortier", "brand": "", "regular_price": 3.99, "selling_price": 3.99, "price_per_unit": "pro 12x50ml | 1L = 6.65 CHF", "breadcrumb": "Sortiment > Sortiment > Mini Mix assortier", "pdp_url": "https://sortiment.lidl.ch/de/mini-mix-assortier-0027547", "product_description": "Artikelnr.: 27547"}
{"product_name": "Mandel Glace", "brand": "", "regular_price": 2.99, "selling_price": 2.99, "price_per_unit": "pro 6x120ml | 1L = 4.16 CHF", "breadcrumb": "Sortiment > Sortiment > Mandel Glace", "pdp_url": "https://sortiment.lidl.ch/de/mandel-glace-0021932", "product_description": "Artikelnr.: 21932"}
{"product_name": "Pastagerichte", "brand": "culinea", "regular_price": 3.75, "selling_price": 3.75, "price_per_unit": "pro 750g | 100g = 0.50 CHF", "breadcrumb": "Sortiment > Sortiment > Pastagerichte", "pdp_url": "https://sortiment.lidl.ch/de/pastagerichte-0013144", "product_description": "Artikelnr.: 13144"}
{"product_name": "Findus Lasagne / Cannelloni", "brand": "findus", "regular_price": 7.59, "selling_price": 7.59, "price_per_unit": "pro 600g | 100g = 1.27 CHF", "breadcrumb": "Sortiment > Sortiment > Findus Lasagne / Cannelloni", "pdp_url": "https://sortiment.lidl.ch/de/findus-lasagne-cannelloni-0002856", "product_description": "Artikelnr.: 2856"}
{"product_name": "Diverse Kartoffelbeilagen", "brand": "harvest_basket", "regular_price": 3.99, "selling_price": 3.99, "price_per_unit": "pro 550g, 600g, 750g | 100g = 0.73, 0.67, 0.54 CHF", "breadcrumb": "Sortiment > Sortiment > Diverse Kartoffelbeilagen", "pdp_url": "https://sortiment.lidl.ch/de/diverse-kartoffelbeilagen-5103015", "product_description": "Artikelnr.: 5103015"}
{"product_name": "Pommes Frites", "brand": "harvest_basket", "regular_price": 4.89, "selling_price": 3.99, "price_per_unit": "pro 1kg |", "breadcrumb": "Sortiment > Sortiment > Pommes Frites", "pdp_url": "https://sortiment.lidl.ch/de/pommes-frites-5105769", "product_description": "Artikelnr.: 5105769"}
{"product_name": "Pommes Frites", "brand": "harvest_basket", "regular_price": 6.49, "selling_price": 6.49, "price_per_unit": "pro 1400g | 100g = 0.47 CHF", "breadcrumb": "Sortiment > Sortiment > Pommes Frites", "pdp_url": "https://sortiment.lidl.ch/de/pommes-frites-5105768", "product_description": "Artikelnr.: 5105768"}
{"product_name": "Wellenschnitt Pommes Frites", "brand": "harvest_basket", "regular_price": 4.15, "selling_price": 4.15, "price_per_unit": "pro 900g | 100g = 0.47 CHF", "breadcrumb": "Sortiment > Sortiment > Wellenschnitt Pommes Frites", "pdp_url": "https://sortiment.lidl.ch/de/wellenschnitt-pommes-frites-5105767", "product_description": "Artikelnr.: 5105767"}
{"product_name": "Potato Wedges", "brand": "harvest_basket", "regular_price": 3.75, "selling_price": 3.75, "price_per_unit": "pro 750g | 100g = 0.50 CHF", "breadcrumb": "Sortiment > Sortiment > Potato Wedges", "pdp_url": "https://sortiment.lidl.ch/de/potato-wedges-0011314", "product_description": "Artikelnr.: 11314"}
{"product_name": "Geflügellyoner am Stück", "brand": "maestade", "regular_price": 2.19, "selling_price": 2.19, "price_per_unit": "pro 300g | 100g = 0.73 CHF", "breadcrumb": "Sortiment > Sortiment > Geflügellyoner am Stück", "pdp_url": "https://sortiment.lidl.ch/de/gefluegellyoner-am-stueck-5103993", "product_description": "Artikelnr.: 5103993"}
{"product_name": "Rohschinken Anschnitte", "brand": "maestade", "regular_price": 2.45, "selling_price": 2.45, "price_per_unit": "pro 100g |", "breadcrumb": "Sortiment > Sortiment > Rohschinken Anschnitte", "pdp_url": "https://sortiment.lidl.ch/de/rohschinken-anschnitte-5101209", "product_description": "Artikelnr.: 5101209"}
{"product_name": "Trutenbrust getrocknet", "brand": "dulano", "regular_price": 2.79, "selling_price": 2.79, "price_per_unit": "pro 70g | 100g = 3.99 CHF", "breadcrumb": "Sortiment > Sortiment > Trutenbrust getrocknet", "pdp_url": "https://sortiment.lidl.ch/de/trutenbrust-getrocknet-0137111", "product_description": "Artikelnr.: 137111"}
{"product_name": "Mostbröckli", "brand": "dulano_selection", "regular_price": 5.49, "selling_price": 5.49, "price_per_unit": "pro 100g |", "breadcrumb": "Sortiment > Sortiment > Mostbröckli", "pdp_url": "https://sortiment.lidl.ch/de/mostbroeckli-5107883", "product_description": "Artikelnr.: 5107883"}
{"product_name": "Bratspeck", "brand": "maestade", "regular_price": 3.49, "selling_price": 3.49, "price_per_unit": "pro 140g | 100g = 2.50 CHF", "breadcrumb": "Sortiment > Sortiment > Bratspeck", "pdp_url": "https://sortiment.lidl.ch/de/bratspeck-5107511", "product_description": "Artikelnr.: 5107511"}
{"product_name": "Bündner Rohschinken", "brand": "maestade", "regular_price": 3.49, "selling_price": 3.49, "price_per_unit": "pro 90g | 100g = 3.88 CHF", "breadcrumb": "Sortiment > Sortiment > Bündner Rohschinken", "pdp_url": "https://sortiment.lidl.ch/de/buendner-rohschinken-5105614", "product_description": "Artikelnr.: 5105614 hauchdünn"}
{"product_name": "Jamón Serrano Gran Reserva", "brand": "dulano_selection", "regular_price": 4.79, "selling_price": 4.79, "price_per_unit": "pro 80g | 100g = 5.99 CHF", "breadcrumb": "Sortiment > Sortiment > Jamón Serrano Gran Reserva", "pdp_url": "https://sortiment.lidl.ch/de/jamon-serrano-gran-reserva-0062325", "product_description": "Artikelnr.: 62325"}
{"product_name": "Bresaola della Valtellina", "brand": "dulano_selection", "regular_price": 4.75, "selling_price": 3.25, "price_per_unit": "pro 80g | 100g = 4.07 CHF", "breadcrumb": "Sortiment > Sortiment > Bresaola della Valtellina", "pdp_url": "https://sortiment.lidl.ch/de/bresaola-della-valtellina-0058089", "product_description": "Artikelnr.: 58089"}
{"product_name": "Coppa Stagionata", "brand": "dulano_selection", "regular_price": 4.79, "selling_price": 4.79, "price_per_unit": "pro 120g | 100g = 4.00 CHF", "breadcrumb": "Sortiment > Sortiment > Coppa Stagionata", "pdp_url": "https://sortiment.lidl.ch/de/coppa-stagionata-0058068", "product_description": "Artikelnr.: 58068"}
{"product_name": "Südtiroler Speck IGP", "brand": "dulano_selection", "regular_price": 3.79, "selling_price": 3.79, "price_per_unit": "pro 100g |", "breadcrumb": "Sortiment > Sortiment > Südtiroler Speck IGP", "pdp_url": "https://sortiment.lidl.ch/de/suedtiroler-speck-igp-0037350", "product_description": "Artikelnr.: 37350"}
{"product_name": "Jamón Serrano", "brand": "dulano_selection", "regular_price": 3.49, "selling_price": 3.49, "price_per_unit": "pro 100g |", "breadcrumb": "Sortiment > Sortiment > Jamón Serrano", "pdp_url": "https://sortiment.lidl.ch/de/jamon-serrano-0011813", "product_description": "Artikelnr.: 11813"}
{"product_name": "Rauchmöckli", "brand": "maestade", "regular_price": 3.59, "selling_price": 2.89, "price_per_unit": "pro 90g | 100g = 3.22 CHF", "breadcrumb": "Sortiment > Sortiment > Rauchmöckli", "pdp_url": "https://sortiment.lidl.ch/de/rauchmoeckli-0002443", "product_description": "Artikelnr.: 2443"}
{"product_name": "Speckwürfeli", "brand": "maestade", "regular_price": 2.55, "selling_price": 1.99, "price_per_unit": "pro 2x100g | 100g = 1.00 CHF", "breadcrumb": "Sortiment > Sortiment > Speckwürfeli", "pdp_url": "https://sortiment.lidl.ch/de/speckwuerfeli-0002055", "product_description": "Artikelnr.: 2055"}
{"product_name": "Bratspeck", "brand": "maestade", "regular_price": 3.95, "selling_price": 3.95, "price_per_unit": "pro 200g | 100g = 1.98 CHF", "breadcrumb": "Sortiment > Sortiment > Bratspeck", "pdp_url": "https://sortiment.lidl.ch/de/bratspeck-0001365", "product_description": "Artikelnr.: 1365"}
{"product_name": "Schinken hauchdünn", "brand": "maestade", "regular_price": 3.29, "selling_price": 3.29, "price_per_unit": "pro 100g |", "breadcrumb": "Sortiment > Sortiment > Schinken hauchdünn", "pdp_url": "https://sortiment.lidl.ch/de/schinken-hauchduenn-5107895", "product_description": "Artikelnr.: 5107895"}
{"product_name": "Schweizer Pouletbrust", "brand": "maestade", "regular_price": 2.59, "selling_price": 2.59, "price_per_unit": "pro 90g | 100g = 2.88 CHF", "breadcrumb": "Sortiment > Sortiment > Schweizer Pouletbrust", "pdp_url": "https://sortiment.lidl.ch/de/schweizer-pouletbrust-5104609", "product_description": "Artikelnr.: 5104609"}
{"product_name": "Geflügelaufschnitt hauchdünn", "brand": "dulano", "regular_price": 3.45, "selling_price": 3.45, "price_per_unit": "pro 200g | 100g = 1.73 CHF", "breadcrumb": "Sortiment > Sortiment > Geflügelaufschnitt hauchdünn", "pdp_url": "https://sortiment.lidl.ch/de/gefluegelaufschnitt-hauchduenn-0055147", "product_description": "Artikelnr.: 55147"}
{"product_name": "Trutenbrust", "brand": "dulano", "regular_price": 1.79, "selling_price": 1.79, "price_per_unit": "pro 100g |", "breadcrumb": "Sortiment > Sortiment > Trutenbrust", "pdp_url": "https://sortiment.lidl.ch/de/trutenbrust-5106723", "product_description": "Artikelnr.: 5106723"}
{"product_name": "Hinterschinken", "brand": "maestade", "regular_price": 4.25, "selling_price": 4.25, "price_per_unit": "pro 160g | 100g = 2.66 CHF", "breadcrumb": "Sortiment > Sortiment > Hinterschinken", "pdp_url": "https://sortiment.lidl.ch/de/hinterschinken-5106947", "product_description": "Artikelnr.: 5106947"}
{"product_name": "Delikatess Nierstückbraten", "brand": "maestade", "regular_price": 3.89, "selling_price": 3.89, "price_per_unit": "pro 150g | 100g = 2.60 CHF", "breadcrumb": "Sortiment > Sortiment > Delikatess Nierstückbraten", "pdp_url": "https://sortiment.lidl.ch/de/delikatess-nierstueckbraten-5103611", "product_description": "Artikelnr.: 5103611"}
{"product_name": "Poulet-/ Trutenbrust", "brand": "dulano", "regular_price": 3.49, "selling_price": 3.49, "price_per_unit": "pro 125g | 100g = 2.80 CHF", "breadcrumb": "Sortiment > Sortiment > Poulet-/ Trutenbrust", "pdp_url": "https://sortiment.lidl.ch/de/poulet-trutenbrust-0141649", "product_description": "Artikelnr.: 141649"}
{"product_name": "Prosciutto Cotto", "brand": "dulano_selection", "regular_price": 4.15, "selling_price": 4.15, "price_per_unit": "pro 125g | 100g = 3.32 CHF", "breadcrumb": "Sortiment > Sortiment > Prosciutto Cotto", "pdp_url": "https://sortiment.lidl.ch/de/prosciutto-cotto-0047079", "product_description": "Artikelnr.: 47079"}
{"product_name": "Cotto", "brand": "maestade", "regular_price": 2.65, "selling_price": 2.65, "price_per_unit": "pro 200g | 100g = 1.33 CHF", "breadcrumb": "Sortiment > Sortiment > Cotto", "pdp_url": "https://sortiment.lidl.ch/de/cotto-0001368", "product_description": "Artikelnr.: 1368"}
{"product_name": "Hinterschinken", "brand": "maestade", "regular_price": 3.59, "selling_price": 3.59, "price_per_unit": "pro 200g | 100g = 1.80 CHF", "breadcrumb": "Sortiment > Sortiment > Hinterschinken", "pdp_url": "https://sortiment.lidl.ch/de/hinterschinken-0001367", "product_description": "Artikelnr.: 1367"}
{"product_name": "Pouletbrust Filetstreifen", "brand": "chef_select", "regular_price": 2.65, "selling_price": 2.65, "price_per_unit": "pro 150g | 100g = 1.77 CHF", "breadcrumb": "Sortiment > Sortiment > Pouletbrust Filetstreifen", "pdp_url": "https://sortiment.lidl.ch/de/pouletbrust-filetstreifen-0119858", "product_description": "Artikelnr.: 119858"}
{"product_name": "Pouletbrust Filetstücke", "brand": "chef_select", "regular_price": 2.65, "selling_price": 2.65, "price_per_unit": "pro 150g | 100g = 1.77 CHF", "breadcrumb": "Sortiment > Sortiment > Pouletbrust Filetstücke", "pdp_url": "https://sortiment.lidl.ch/de/pouletbrust-filetstuecke-0060474", "product_description": "Artikelnr.: 60474"}
{"product_name": "Cheeseburger mit Ketchup", "brand": "chef_select", "regular_price": 4.09, "selling_price": 4.09, "price_per_unit": "pro 320g | 100g = 1.28 CHF", "breadcrumb": "Sortiment > Sortiment > Cheeseburger mit Ketchup", "pdp_url": "https://sortiment.lidl.ch/de/cheeseburger-mit-ketchup-0131894", "product_description": "Artikelnr.: 131894"}
{"product_name": "Prosciutto Crudo am Stück", "brand": "italiamo", "regular_price": 2.99, "selling_price": 2.99, "price_per_unit": "pro 100g, ca. 1,2 kg |", "breadcrumb": "Sortiment > Sortiment > Prosciutto Crudo am Stück", "pdp_url": "https://sortiment.lidl.ch/de/prosciutto-crudo-am-stueck-0027500", "product_description": "Artikelnr.: 27500"}
{"product_name": "Kochspeck geräuchert", "brand": "maestade", "regular_price": 1.99, "selling_price": 1.99, "price_per_unit": "pro 100g, ca.200-400g |", "breadcrumb": "Sortiment > Sortiment > Kochspeck geräuchert", "pdp_url": "https://sortiment.lidl.ch/de/kochspeck-geraeuchert-5105639", "product_description": "Artikelnr.: 5105639"}
{"product_name": "Rindersalami", "brand": "maestade", "regular_price": 2.99, "selling_price": 2.99, "price_per_unit": "pro 100g |", "breadcrumb": "Sortiment > Sortiment > Rindersalami", "pdp_url": "https://sortiment.lidl.ch/de/rindersalami-5103327", "product_description": "Artikelnr.: 5103327"}
{"product_name": "Salamiteller Spezialitäten", "brand": "dulano_selection", "regular_price": 3.95, "selling_price": 3.95, "price_per_unit": "pro 100g |", "breadcrumb": "Sortiment > Sortiment > Salamiteller Spezialitäten", "pdp_url": "https://sortiment.lidl.ch/de/salamiteller-spezialitaeten-0140176", "product_description": "Artikelnr.: 140176"}
{"product_name": "Chorizo", "brand": "maestade", "regular_price": 2.89, "selling_price": 2.89, "price_per_unit": "pro 150g | 100g = 1.93 CHF", "breadcrumb": "Sortiment > Sortiment > Chorizo", "pdp_url": "https://sortiment.lidl.ch/de/chorizo-0002501", "product_description": "Artikelnr.: 2501"}
{"product_name": "Salami", "brand": "maestade", "regular_price": 2.95, "selling_price": 2.95, "price_per_unit": "pro 150g | 100g = 1.97 CHF", "breadcrumb": "Sortiment > Sortiment > Salami", "pdp_url": "https://sortiment.lidl.ch/de/salami-0001505", "product_description": "Artikelnr.: 1505"}
{"product_name": "Salami", "brand": "dulano_selection", "regular_price": 3.99, "selling_price": 3.99, "price_per_unit": "pro 100g |", "breadcrumb": "Sortiment > Sortiment > Salami", "pdp_url": "https://sortiment.lidl.ch/de/salami-0011641", "product_description": "Artikelnr.: 11641"}
{"product_name": "Salame Contadino", "brand": "deluxe", "regular_price": 4.59, "selling_price": 4.59, "price_per_unit": "pro 90g | 100g = 5.10 CHF", "breadcrumb": "Sortiment > Sortiment > Salame Contadino", "pdp_url": "https://sortiment.lidl.ch/de/salame-contadino-5107493", "product_description": "Artikelnr.: 5107493"}
{"product_name": "Salame Gran Riserva", "brand": "deluxe", "regular_price": 4.59, "selling_price": 4.59, "price_per_unit": "pro 90g | 100g = 5.10 CHF", "breadcrumb": "Sortiment > Sortiment > Salame Gran Riserva", "pdp_url": "https://sortiment.lidl.ch/de/salame-gran-riserva-5107492", "product_description": "Artikelnr.: 5107492"}
{"product_name": "Salame", "brand": "dulano_selection", "regular_price": 3.99, "selling_price": 3.99, "price_per_unit": "pro 90g | 100g = 4.44 CHF", "breadcrumb": "Sortiment > Sortiment > Salame", "pdp_url": "https://sortiment.lidl.ch/de/salame-5105515", "product_description": "Artikelnr.: 5105515"}
{"product_name": "Salami tipo Milano", "brand": "maestade", "regular_price": 2.49, "selling_price": 2.49, "price_per_unit": "pro 200g | 100g = 1.25 CHF", "breadcrumb": "Sortiment > Sortiment > Salami tipo Milano", "pdp_url": "https://sortiment.lidl.ch/de/salami-tipo-milano-5103319", "product_description": "Artikelnr.: 5103319"}
{"product_name": "Geflügel-Salami", "brand": "dulano", "regular_price": 2.39, "selling_price": 2.39, "price_per_unit": "pro 130g | 100g = 1.84 CHF", "breadcrumb": "Sortiment > Sortiment > Geflügel-Salami", "pdp_url": "https://sortiment.lidl.ch/de/gefluegel-salami-0130915", "product_description": "Artikelnr.: 130915"}
{"product_name": "Leberwurst / Mettwurst", "brand": "maestade", "regular_price": 2.85, "selling_price": 2.85, "price_per_unit": "pro 150g, 200g | 100g = 1.90, 1.43 CHF", "breadcrumb": "Sortiment > Sortiment > Leberwurst / Mettwurst", "pdp_url": "https://sortiment.lidl.ch/de/leberwurst-mettwurst-0002450", "product_description": "Artikelnr.: 2450"}
{"product_name": "Lyoner / Aufschnitt", "brand": "maestade", "regular_price": 2.39, "selling_price": 2.39, "price_per_unit": "pro 200g | 100g = 1.20 CHF", "breadcrumb": "Sortiment > Sortiment > Lyoner / Aufschnitt", "pdp_url": "https://sortiment.lidl.ch/de/lyoner-aufschnitt-5104707", "product_description": "Artikelnr.: 5104707"}
{"product_name": "Geflügel-Aufschnitt", "brand": "dulano", "regular_price": 2.69, "selling_price": 2.69, "price_per_unit": "pro 200g | 100g = 1.35 CHF", "breadcrumb": "Sortiment > Sortiment > Geflügel-Aufschnitt", "pdp_url": "https://sortiment.lidl.ch/de/gefluegel-aufschnitt-0011799", "product_description": "Artikelnr.: 11799"}
{"product_name": "Fleischkäse hauchdünn", "brand": "maestade", "regular_price": 2.99, "selling_price": 2.99, "price_per_unit": "pro 200g | 100g = 1.50 CHF", "breadcrumb": "Sortiment > Sortiment > Fleischkäse hauchdünn", "pdp_url": "https://sortiment.lidl.ch/de/fleischkaese-hauchduenn-0002943", "product_description": "Artikelnr.: 2943"}
{"product_name": "Fleischkäse", "brand": "maestade", "regular_price": 2.34, "selling_price": 2.34, "price_per_unit": "pro 200g | 100g = 1.17 CHF", "breadcrumb": "Sortiment > Sortiment > Fleischkäse", "pdp_url": "https://sortiment.lidl.ch/de/fleischkaese-0029936", "product_description": "Artikelnr.: 29936"}
{"product_name": "Fleischkäse", "brand": "maestade", "regular_price": 3.89, "selling_price": 3.89, "price_per_unit": "pro 400g | 100g = 0.98 CHF", "breadcrumb": "Sortiment > Sortiment > Fleischkäse", "pdp_url": "https://sortiment.lidl.ch/de/fleischkaese-5107662", "product_description": "Artikelnr.: 5107662"}
{"product_name": "Mortadella", "brand": "dulano_selection", "regular_price": 3.69, "selling_price": 3.69, "price_per_unit": "pro 150g | 100g = 2.46 CHF", "breadcrumb": "Sortiment > Sortiment > Mortadella", "pdp_url": "https://sortiment.lidl.ch/de/mortadella-0007244", "product_description": "Artikelnr.: 7244"}
{"product_name": "Original Berner Würstchen", "brand": "maestade", "regular_price": 5.95, "selling_price": 5.95, "price_per_unit": "pro 280g, 300g | 100g = 2.13, 1.99 CHF", "breadcrumb": "Sortiment > Sortiment > Original Berner Würstchen", "pdp_url": "https://sortiment.lidl.ch/de/original-berner-wuerstchen-0001906", "product_description": "Artikelnr.: 1906"}
{"product_name": "Schweinswürstli", "brand": "maestade", "regular_price": 2.79, "selling_price": 2.79, "price_per_unit": "pro 200g | 100g = 1.40 CHF", "breadcrumb": "Sortiment > Sortiment > Schweinswürstli", "pdp_url": "https://sortiment.lidl.ch/de/schweinswuerstli-5105653", "product_description": "Artikelnr.: 5105653"}
{"product_name": "Poulet Hot Dog", "brand": "maestade", "regular_price": 2.95, "selling_price": 2.95, "price_per_unit": "pro 400g | 100g = 0.74 CHF", "breadcrumb": "Sortiment > Sortiment > Poulet Hot Dog", "pdp_url": "https://sortiment.lidl.ch/de/poulet-hot-dog-5103181", "product_description": "Artikelnr.: 5103181"}
{"product_name": "Wienerli", "brand": "maestade", "regular_price": 1.99, "selling_price": 1.99, "price_per_unit": "pro 200g | 100g = 1.00 CHF", "breadcrumb": "Sortiment > Sortiment > Wienerli", "pdp_url": "https://sortiment.lidl.ch/de/wienerli-0029929", "product_description": "Artikelnr.: 29929"}
{"product_name": "Cervelas", "brand": "maestade", "regular_price": 1.95, "selling_price": 1.95, "price_per_unit": "pro 2x100g | 100g = 0.98 CHF", "breadcrumb": "Sortiment > Sortiment > Cervelas", "pdp_url": "https://sortiment.lidl.ch/de/cervelas-0029924", "product_description": "Artikelnr.: 29924"}
{"product_name": "Cervelas", "brand": "maestade", "regular_price": 3.95, "selling_price": 3.95, "price_per_unit": "pro 5x100g | 100g = 0.79 CHF", "breadcrumb": "Sortiment > Sortiment > Cervelas", "pdp_url": "https://sortiment.lidl.ch/de/cervelas-0029923", "product_description": "Artikelnr.: 29923"}
{"product_name": "Hot Dog", "brand": "maestade", "regular_price": 2.99, "selling_price": 2.99, "price_per_unit": "pro 400g | 100g = 0.75 CHF", "breadcrumb": "Sortiment > Sortiment > Hot Dog", "pdp_url": "https://sortiment.lidl.ch/de/hot-dog-0002056", "product_description": "Artikelnr.: 2056"}
{"product_name": "Salami Cacciatore", "brand": "italiamo", "regular_price": 5.95, "selling_price": 5.95, "price_per_unit": "pro 180g | 100g = 3.31 CHF", "breadcrumb": "Sortiment > Sortiment > Salami Cacciatore", "pdp_url": "https://sortiment.lidl.ch/de/salami-cacciatore-6000759", "product_description": "Artikelnr.: 6000759"}
{"product_name": "ASC Dorade Royal", "brand": "fishers_choice", "regular_price": 1.99, "selling_price": 1.99, "price_per_unit": "pro 100g, ca. 400-500g |", "breadcrumb": "Sortiment > Sortiment > ASC Dorade Royal", "pdp_url": "https://sortiment.lidl.ch/de/asc-dorade-royal-0002781", "product_description": "Artikelnr.: 2781"}
{"product_name": "MSC Kabeljau Rückenfilet", "brand": "fishers_choice", "regular_price": 6.99, "selling_price": 6.99, "price_per_unit": "pro 250g | 100g = 2.80 CHF", "breadcrumb": "Sortiment > Sortiment > MSC Kabeljau Rückenfilet", "pdp_url": "https://sortiment.lidl.ch/de/msc-kabeljau-rueckenfilet-0122325", "product_description": "Artikelnr.: 122325"}
{"product_name": "Sushi Japanese Style", "brand": "deluxe", "regular_price": 9.99, "selling_price": 9.99, "price_per_unit": "pro 330g | 100g = 3.03 CHF", "breadcrumb": "Sortiment > Sortiment > Sushi Japanese Style", "pdp_url": "https://sortiment.lidl.ch/de/sushi-japanese-style-0122085", "product_description": "Artikelnr.: 122085"}
{"product_name": "Sushi Box Tokyo-Style", "brand": "chef_select_to_go", "regular_price": 11.99, "selling_price": 11.99, "price_per_unit": "pro 460g | 100g = 2.61 CHF", "breadcrumb": "Sortiment > Sortiment > Sushi Box Tokyo-Style", "pdp_url": "https://sortiment.lidl.ch/de/sushi-box-tokyo-style-0114168", "product_description": "Artikelnr.: 114168"}
{"product_name": "ASC Pangasiusfilet", "brand": "fishers_choice", "regular_price": 1.98, "selling_price": 1.98, "price_per_unit": "pro 100g, ca. 300-420g |", "breadcrumb": "Sortiment > Sortiment > ASC Pangasiusfilet", "pdp_url": "https://sortiment.lidl.ch/de/asc-pangasiusfilet-0002912", "product_description": "Artikelnr.: 2912"}
{"product_name": "Gris Rosé IGP", "brand": "", "regular_price": 3.49, "selling_price": 3.49, "price_per_unit": "pro 0,75l | 1L = 4.66 CHF", "breadcrumb": "Sortiment > Sortiment > Gris Rosé IGP", "pdp_url": "https://sortiment.lidl.ch/de/gris-rose-igp-0052900", "product_description": "Artikelnr.: 52900"}
{"product_name": "Pinot Grigio delle Venezie DOP", "brand": "", "regular_price": 3.95, "selling_price": 3.95, "price_per_unit": "pro 0,75l | 1L = 5.27 CHF", "breadcrumb": "Sortiment > Sortiment > Pinot Grigio delle Venezie DOP", "pdp_url": "https://sortiment.lidl.ch/de/pinot-grigio-delle-venezie-dop-0027596", "product_description": "Artikelnr.: 27596"}
{"product_name": "Treize- Vents Villette Lavaux AOC", "brand": "", "regular_price": 11.99, "selling_price": 11.99, "price_per_unit": "pro 0,7l | 1L = 17.13 CHF", "breadcrumb": "Sortiment > Sortiment > Treize- Vents Villette Lavaux AOC", "pdp_url": "https://sortiment.lidl.ch/de/treize-vents-villette-lavaux-aoc-0001966", "product_description": "Artikelnr.: 1966"}
{"product_name": "Ostschweiz Riesling-Silvaner", "brand": "", "regular_price": 6.95, "selling_price": 6.95, "price_per_unit": "pro 0,75l | 1L = 9.27 CHF", "breadcrumb": "Sortiment > Sortiment > Ostschweiz Riesling-Silvaner", "pdp_url": "https://sortiment.lidl.ch/de/ostschweiz-riesling-silvaner-0001014", "product_description": "Artikelnr.: 1014"}
{"product_name": "Vino blanco España", "brand": "", "regular_price": 9.29, "selling_price": 9.29, "price_per_unit": "pro 3l | 1L = 3.10 CHF", "breadcrumb": "Sortiment > Sortiment > Vino blanco España", "pdp_url": "https://sortiment.lidl.ch/de/vino-blanco-espa-a-0115634", "product_description": "Artikelnr.: 115634"}
{"product_name": "Sauvignon Blanc IGP", "brand": "", "regular_price": 3.49, "selling_price": 3.49, "price_per_unit": "pro 0,75l | 1L = 4.66 CHF", "breadcrumb": "Sortiment > Sortiment > Sauvignon Blanc IGP", "pdp_url": "https://sortiment.lidl.ch/de/sauvignon-blanc-igp-0074337", "product_description": "Artikelnr.: 74337"}
{"product_name": "Chardonnay IGP", "brand": "", "regular_price": 3.49, "selling_price": 3.49, "price_per_unit": "pro 0,75l | 1L = 4.66 CHF", "breadcrumb": "Sortiment > Sortiment > Chardonnay IGP", "pdp_url": "https://sortiment.lidl.ch/de/chardonnay-igp-0029145", "product_description": "Artikelnr.: 29145"}
{"product_name": "Weisswein lieblich", "brand": "", "regular_price": 3.49, "selling_price": 3.49, "price_per_unit": "pro 1,5l | 1L = 2.33 CHF", "breadcrumb": "Sortiment > Sortiment > Weisswein lieblich", "pdp_url": "https://sortiment.lidl.ch/de/weisswein-lieblich-0025273", "product_description": "Artikelnr.: 25273"}
{"product_name": "Chasselas Romand VdP", "brand": "", "regular_price": 4.69, "selling_price": 4.69, "price_per_unit": "pro 0,75l | 1L = 6.26 CHF", "breadcrumb": "Sortiment > Sortiment > Chasselas Romand VdP", "pdp_url": "https://sortiment.lidl.ch/de/chasselas-romand-vdp-0002140", "product_description": "Artikelnr.: 2140"}
{"product_name": "Yvorne Chablais AOC", "brand": "", "regular_price": 13.99, "selling_price": 13.99, "price_per_unit": "pro 0,75l | 1L = 18.66 CHF", "breadcrumb": "Sortiment > Sortiment > Yvorne Chablais AOC", "pdp_url": "https://sortiment.lidl.ch/de/yvorne-chablais-aoc-0002036", "product_description": "Artikelnr.: 2036"}
{"product_name": "Aigle AOC Chablais", "brand": "", "regular_price": 12.49, "selling_price": 12.49, "price_per_unit": "pro 0,75l | 1L = 16.66 CHF", "breadcrumb": "Sortiment > Sortiment > Aigle AOC Chablais", "pdp_url": "https://sortiment.lidl.ch/de/aigle-aoc-chablais-0002035", "product_description": "Artikelnr.: 2035"}
{"product_name": "Delea Bianco di Merlot Ticino DOC", "brand": "", "regular_price": 9.95, "selling_price": 9.95, "price_per_unit": "pro 0,75l | 1L = 13.27 CHF", "breadcrumb": "Sortiment > Sortiment > Delea Bianco di Merlot Ticino DOC", "pdp_url": "https://sortiment.lidl.ch/de/delea-bianco-di-merlot-ticino-doc-0001016", "product_description": "Artikelnr.: 1016"}
{"product_name": "Epesses Lavaux AOC", "brand": "", "regular_price": 10.95, "selling_price": 10.95, "price_per_unit": "pro 0,7l | 1L = 15.65 CHF", "breadcrumb": "Sortiment > Sortiment > Epesses Lavaux AOC", "pdp_url": "https://sortiment.lidl.ch/de/epesses-lavaux-aoc-0001013", "product_description": "Artikelnr.: 1013"}
{"product_name": "La Côte AOC", "brand": "", "regular_price": 6.69, "selling_price": 6.69, "price_per_unit": "pro 0,75l | 1L = 8.92 CHF", "breadcrumb": "Sortiment > Sortiment > La Côte AOC", "pdp_url": "https://sortiment.lidl.ch/de/la-cote-aoc-0001011", "product_description": "Artikelnr.: 1011"}
{"product_name": "Chasselas Lavaux AOC", "brand": "", "regular_price": 9.95, "selling_price": 9.95, "price_per_unit": "pro 0,7l | 1L = 14.22 CHF", "breadcrumb": "Sortiment > Sortiment > Chasselas Lavaux AOC", "pdp_url": "https://sortiment.lidl.ch/de/chasselas-lavaux-aoc-0001010", "product_description": "Artikelnr.: 1010"}
{"product_name": "Féchy La côte AOC", "brand": "", "regular_price": 8.95, "selling_price": 8.95, "price_per_unit": "pro 0,75l | 1L = 11.94 CHF", "breadcrumb": "Sortiment > Sortiment > Féchy La côte AOC", "pdp_url": "https://sortiment.lidl.ch/de/fechy-la-cote-aoc-0001009", "product_description": "Artikelnr.: 1009"}
{"product_name": "Heida AOC", "brand": "", "regular_price": 12.95, "selling_price": 12.95, "price_per_unit": "pro 0,75l | 1L = 17.27 CHF", "breadcrumb": "Sortiment > Sortiment > Heida AOC", "pdp_url": "https://sortiment.lidl.ch/de/heida-aoc-0001005", "product_description": "Artikelnr.: 1005"}
{"product_name": "Salice Salentino DOC", "brand": "", "regular_price": 32.94, "selling_price": 21.96, "price_per_unit": "pro 0,75l | 1L = 29.28 CHF", "breadcrumb": "Sortiment > Sortiment > Salice Salentino DOC", "pdp_url": "https://sortiment.lidl.ch/de/salice-salentino-doc-0021802", "product_description": "Artikelnr.: 21802"}
{"product_name": "Zizers Blauburgunder", "brand": "", "regular_price": 12.95, "selling_price": 12.95, "price_per_unit": "pro 0,75l | 1L = 17.27 CHF", "breadcrumb": "Sortiment > Sortiment > Zizers Blauburgunder", "pdp_url": "https://sortiment.lidl.ch/de/zizers-blauburgunder-0001027", "product_description": "Artikelnr.: 1027"}
{"product_name": "Negroamaro Salento IGP", "brand": "", "regular_price": 4.49, "selling_price": 4.49, "price_per_unit": "pro 0,75l | 1L = 5.99 CHF", "breadcrumb": "Sortiment > Sortiment > Negroamaro Salento IGP", "pdp_url": "https://sortiment.lidl.ch/de/negroamaro-salento-igp-0027609", "product_description": "Artikelnr.: 27609"}
{"product_name": "Saint- Emilion Grand Cru AOP", "brand": "", "regular_price": 11.95, "selling_price": 11.95, "price_per_unit": "pro 0,75l | 1L = 15.94 CHF", "breadcrumb": "Sortiment > Sortiment > Saint- Emilion Grand Cru AOP", "pdp_url": "https://sortiment.lidl.ch/de/saint-emilion-grand-cru-aop-0021794", "product_description": "Artikelnr.: 21794"}
{"product_name": "Dão Reserva DOC", "brand": "", "regular_price": 4.99, "selling_price": 4.99, "price_per_unit": "pro 0,75l | 1L = 6.66 CHF", "breadcrumb": "Sortiment > Sortiment > Dão Reserva DOC", "pdp_url": "https://sortiment.lidl.ch/de/d-o-reserva-doc-0006156", "product_description": "Artikelnr.: 6156"}
{"product_name": "Gamellón Crianza", "brand": "", "regular_price": 9.99, "selling_price": 9.99, "price_per_unit": "pro 0,75l | 1L = 13.32 CHF", "breadcrumb": "Sortiment > Sortiment > Gamellón Crianza", "pdp_url": "https://sortiment.lidl.ch/de/gamellon-crianza-5705402", "product_description": "Artikelnr.: 5705402 D.O. - trocken"}
{"product_name": "Niepoort Fabelhaft", "brand": "", "regular_price": 15.99, "selling_price": 15.99, "price_per_unit": "pro 0,75l | 1L = 21.32 CHF", "breadcrumb": "Sortiment > Sortiment > Niepoort Fabelhaft", "pdp_url": "https://sortiment.lidl.ch/de/niepoort-fabelhaft-5104190", "product_description": "Artikelnr.: 5104190 Niepoort DOC - trocken"}
{"product_name": "Sassi del Mare Maremma Toscana Rosso DOC", "brand": "", "regular_price": 9.99, "selling_price": 9.99, "price_per_unit": "pro 0,75l | 1L = 13.32 CHF", "breadcrumb": "Sortiment > Sortiment > Sassi del Mare Maremma Toscana Rosso DOC", "pdp_url": "https://sortiment.lidl.ch/de/sassi-del-mare-maremma-toscana-rosso-doc-0095458", "product_description": "Artikelnr.: 95458"}
{"product_name": "Cariñena Gran Reserva DO", "brand": "", "regular_price": 5.49, "selling_price": 5.49, "price_per_unit": "pro 0,75l | 1L = 7.32 CHF", "breadcrumb": "Sortiment > Sortiment > Cariñena Gran Reserva DO", "pdp_url": "https://sortiment.lidl.ch/de/cari-ena-gran-reserva-do-0079897", "product_description": "Artikelnr.: 79897"}
{"product_name": "Cepa Lebrel Rioja Reserva DOCa", "brand": "", "regular_price": 7.95, "selling_price": 7.95, "price_per_unit": "pro 0,75l | 1L = 10.60 CHF", "breadcrumb": "Sortiment > Sortiment > Cepa Lebrel Rioja Reserva DOCa", "pdp_url": "https://sortiment.lidl.ch/de/cepa-lebrel-rioja-reserva-doca-0072070", "product_description": "Artikelnr.: 72070"}
{"product_name": "Passo Orso Bio Montepulciano d'Abruzzo DOC", "brand": "", "regular_price": 3.95, "selling_price": 3.95, "price_per_unit": "pro 0,75l | 1L = 5.27 CHF", "breadcrumb": "Sortiment > Sortiment > Passo Orso Bio Montepulciano d'Abruzzo DOC", "pdp_url": "https://sortiment.lidl.ch/de/passo-orso-bio-montepulciano-d-abruzzo-doc-0060324", "product_description": "Artikelnr.: 60324"}
{"product_name": "Amarone della Valpolicella DOCG", "brand": "", "regular_price": 14.49, "selling_price": 14.49, "price_per_unit": "pro 0,75l | 1L = 19.32 CHF", "breadcrumb": "Sortiment > Sortiment > Amarone della Valpolicella DOCG", "pdp_url": "https://sortiment.lidl.ch/de/amarone-della-valpolicella-docg-0058739", "product_description": "Artikelnr.: 58739"}
{"product_name": "Barolo DOCA", "brand": "", "regular_price": 13.95, "selling_price": 13.95, "price_per_unit": "pro 0,75l | 1L = 18.60 CHF", "breadcrumb": "Sortiment > Sortiment > Barolo DOCA", "pdp_url": "https://sortiment.lidl.ch/de/barolo-doca-0057644", "product_description": "Artikelnr.: 57644"}
{"product_name": "Valpolicella Ripasso DOC", "brand": "", "regular_price": 6.95, "selling_price": 5.39, "price_per_unit": "pro 0,75l | 1L = 7.19 CHF", "breadcrumb": "Sortiment > Sortiment > Valpolicella Ripasso DOC", "pdp_url": "https://sortiment.lidl.ch/de/valpolicella-ripasso-doc-0048121", "product_description": "Artikelnr.: 48121"}
{"product_name": "Brunello di Montalcino DOCG", "brand": "", "regular_price": 17.89, "selling_price": 17.89, "price_per_unit": "pro 0,75l | 1L = 23.86 CHF", "breadcrumb": "Sortiment > Sortiment > Brunello di Montalcino DOCG", "pdp_url": "https://sortiment.lidl.ch/de/brunello-di-montalcino-docg-0034867", "product_description": "Artikelnr.: 34867"}
{"product_name": "Côtes du Rhône AOP", "brand": "", "regular_price": 3.29, "selling_price": 3.29, "price_per_unit": "pro 0,75l | 1L = 4.39 CHF", "breadcrumb": "Sortiment > Sortiment > Côtes du Rhône AOP", "pdp_url": "https://sortiment.lidl.ch/de/cotes-du-rhone-aop-0027701", "product_description": "Artikelnr.: 27701"}
{"product_name": "Rotwein lieblich", "brand": "caveneta", "regular_price": 3.35, "selling_price": 3.35, "price_per_unit": "pro 1,5l | 1L = 2.24 CHF", "breadcrumb": "Sortiment > Sortiment > Rotwein lieblich", "pdp_url": "https://sortiment.lidl.ch/de/rotwein-lieblich-0025275", "product_description": "Artikelnr.: 25275"}
{"product_name": "Corte alle Mura Chianti DOCG", "brand": "", "regular_price": 3.79, "selling_price": 3.79, "price_per_unit": "pro 0,75l | 1L = 5.06 CHF", "breadcrumb": "Sortiment > Sortiment > Corte alle Mura Chianti DOCG", "pdp_url": "https://sortiment.lidl.ch/de/corte-alle-mura-chianti-docg-0024773", "product_description": "Artikelnr.: 24773"}
{"product_name": "Zweigelt N°1", "brand": "", "regular_price": 5.99, "selling_price": 5.99, "price_per_unit": "pro 0,75l | 1L = 7.99 CHF", "breadcrumb": "Sortiment > Sortiment > Zweigelt N°1", "pdp_url": "https://sortiment.lidl.ch/de/zweigelt-n-1-0021853", "product_description": "Artikelnr.: 21853"}
{"product_name": "Douro DOC Reserva", "brand": "", "regular_price": 5.99, "selling_price": 5.99, "price_per_unit": "pro 0,75l | 1L = 7.99 CHF", "breadcrumb": "Sortiment > Sortiment > Douro DOC Reserva", "pdp_url": "https://sortiment.lidl.ch/de/douro-doc-reserva-0006157", "product_description": "Artikelnr.: 6157"}
{"product_name": "Delea Rosso di Merlot DOC", "brand": "", "regular_price": 9.85, "selling_price": 9.85, "price_per_unit": "pro 0,75l | 1L = 13.14 CHF", "breadcrumb": "Sortiment > Sortiment > Delea Rosso di Merlot DOC", "pdp_url": "https://sortiment.lidl.ch/de/delea-rosso-di-merlot-doc-0001026", "product_description": "Artikelnr.: 1026"}
{"product_name": "Hallau Blauburgunder", "brand": "", "regular_price": 8.89, "selling_price": 8.89, "price_per_unit": "pro 0,75l | 1L = 11.86 CHF", "breadcrumb": "Sortiment > Sortiment > Hallau Blauburgunder", "pdp_url": "https://sortiment.lidl.ch/de/hallau-blauburgunder-0001025", "product_description": "Artikelnr.: 1025"}
{"product_name": "Ostschweiz Pinot Noir", "brand": "", "regular_price": 6.95, "selling_price": 6.95, "price_per_unit": "pro 0,75l | 1L = 9.27 CHF", "breadcrumb": "Sortiment > Sortiment > Ostschweiz Pinot Noir", "pdp_url": "https://sortiment.lidl.ch/de/ostschweiz-pinot-noir-0001024", "product_description": "Artikelnr.: 1024"}
{"product_name": "Dôle du Valais AOC", "brand": "", "regular_price": 7.95, "selling_price": 7.95, "price_per_unit": "pro 0,75l | 1L = 10.60 CHF", "breadcrumb": "Sortiment > Sortiment > Dôle du Valais AOC", "pdp_url": "https://sortiment.lidl.ch/de/dole-du-valais-aoc-0001020", "product_description": "Artikelnr.: 1020"}
{"product_name": "Gamay Romand VdP", "brand": "", "regular_price": 5.89, "selling_price": 5.89, "price_per_unit": "pro 0,75l | 1L = 7.86 CHF", "breadcrumb": "Sortiment > Sortiment > Gamay Romand VdP", "pdp_url": "https://sortiment.lidl.ch/de/gamay-romand-vdp-0001019", "product_description": "Artikelnr.: 1019"}
{"product_name": "Kleinflaschen Übersee", "brand": "cimarosa", "regular_price": 1.99, "selling_price": 1.99, "price_per_unit": "pro 0,25l | 1L = 7.96 CHF", "breadcrumb": "Sortiment > Sortiment > Kleinflaschen Übersee", "pdp_url": "https://sortiment.lidl.ch/de/kleinflaschen-uebersee-0027309", "product_description": "Artikelnr.: 27309"}
{"product_name": "Ruby Cabernet", "brand": "cimarosa", "regular_price": 3.95, "selling_price": 3.95, "price_per_unit": "pro 0,75l | 1L = 5.27 CHF", "breadcrumb": "Sortiment > Sortiment > Ruby Cabernet", "pdp_url": "https://sortiment.lidl.ch/de/ruby-cabernet-0034523", "product_description": "Artikelnr.: 34523"}
{"product_name": "Cabernet Sauvignon", "brand": "cimarosa", "regular_price": 3.99, "selling_price": 3.99, "price_per_unit": "pro 0,75l | 1L = 5.32 CHF", "breadcrumb": "Sortiment > Sortiment > Cabernet Sauvignon", "pdp_url": "https://sortiment.lidl.ch/de/cabernet-sauvignon-0034518", "product_description": "Artikelnr.: 34518"}
{"product_name": "Shiraz", "brand": "cimarosa", "regular_price": 3.95, "selling_price": 3.95, "price_per_unit": "pro 0,75l | 1L = 5.27 CHF", "breadcrumb": "Sortiment > Sortiment > Shiraz", "pdp_url": "https://sortiment.lidl.ch/de/shiraz-0034497", "product_description": "Artikelnr.: 34497"}
{"product_name": "Chardonnay Colombard", "brand": "cimarosa", "regular_price": 3.95, "selling_price": 3.95, "price_per_unit": "pro 0,75l | 1L = 5.27 CHF", "breadcrumb": "Sortiment > Sortiment > Chardonnay Colombard", "pdp_url": "https://sortiment.lidl.ch/de/chardonnay-colombard-0034525", "product_description": "Artikelnr.: 34525"}
{"product_name": "Hugo Frizzante", "brand": "", "regular_price": 3.89, "selling_price": 3.89, "price_per_unit": "pro 0,75l | 1L = 5.19 CHF", "breadcrumb": "Sortiment > Sortiment > Hugo Frizzante", "pdp_url": "https://sortiment.lidl.ch/de/hugo-frizzante-0077503", "product_description": "Artikelnr.: 77503"}
{"product_name": "Secco Bianco", "brand": "allini", "regular_price": 1.79, "selling_price": 1.79, "price_per_unit": "pro 0,2l | 1L = 8.95 CHF", "breadcrumb": "Sortiment > Sortiment > Secco Bianco", "pdp_url": "https://sortiment.lidl.ch/de/secco-bianco-0058528", "product_description": "Artikelnr.: 58528"}
{"product_name": "Secco Rosato", "brand": "allini", "regular_price": 1.79, "selling_price": 1.79, "price_per_unit": "pro 0,2l | 1L = 8.95 CHF", "breadcrumb": "Sortiment > Sortiment > Secco Rosato", "pdp_url": "https://sortiment.lidl.ch/de/secco-rosato-0054772", "product_description": "Artikelnr.: 54772"}
{"product_name": "Tiramisu / Profiteroles", "brand": "", "regular_price": 1.39, "selling_price": 1.39, "price_per_unit": "pro 2x80g, 2x90g | 100g = 0.87, 0.78 CHF", "breadcrumb": "Sortiment > Sortiment > Tiramisu / Profiteroles", "pdp_url": "https://sortiment.lidl.ch/de/tiramisu-profiteroles-0030937", "product_description": "Artikelnr.: 30937"}
{"product_name": "Danone Danette", "brand": "danone", "regular_price": 3.59, "selling_price": 3.59, "price_per_unit": "pro 4x125g | 100g = 0.72 CHF", "breadcrumb": "Sortiment > Sortiment > Danone Danette", "pdp_url": "https://sortiment.lidl.ch/de/danone-danette-0003442", "product_description": "Artikelnr.: 3442"}
{"product_name": "Müller Milchreis", "brand": "muller", "regular_price": 1.19, "selling_price": 1.19, "price_per_unit": "pro 200g | 100g = 0.60 CHF", "breadcrumb": "Sortiment > Sortiment > Müller Milchreis", "pdp_url": "https://sortiment.lidl.ch/de/mueller-milchreis-0002473", "product_description": "Artikelnr.: 2473"}
{"product_name": "Pudding mit Rahm", "brand": "milbona", "regular_price": 0.45, "selling_price": 0.45, "price_per_unit": "pro 200g | 100g = 0.23 CHF", "breadcrumb": "Sortiment > Sortiment > Pudding mit Rahm", "pdp_url": "https://sortiment.lidl.ch/de/pudding-mit-rahm-0021274", "product_description": "Artikelnr.: 21274"}
{"product_name": "Emmi Griess Töpfli", "brand": "emmi", "regular_price": 1.59, "selling_price": 1.59, "price_per_unit": "pro 200g | 100g = 0.80 CHF", "breadcrumb": "Sortiment > Sortiment > Emmi Griess Töpfli", "pdp_url": "https://sortiment.lidl.ch/de/emmi-griess-toepfli-0002937", "product_description": "Artikelnr.: 2937"}
{"product_name": "Cool Snack", "brand": "milbona", "regular_price": 1.49, "selling_price": 1.49, "price_per_unit": "pro 6x30g | 100g = 0.83 CHF", "breadcrumb": "Sortiment > Sortiment > Cool Snack", "pdp_url": "https://sortiment.lidl.ch/de/cool-snack-6009230", "product_description": "Artikelnr.: 6009230"}
{"product_name": "Milk Snack", "brand": "milbona", "regular_price": 1.49, "selling_price": 1.49, "price_per_unit": "pro 6x28g | 100g = 0.89 CHF", "breadcrumb": "Sortiment > Sortiment > Milk Snack", "pdp_url": "https://sortiment.lidl.ch/de/milk-snack-6004432", "product_description": "Artikelnr.: 6004432"}
{"product_name": "Crème Dessert", "brand": "", "regular_price": 1.65, "selling_price": 1.65, "price_per_unit": "pro 500g | 100g = 0.33 CHF", "breadcrumb": "Sortiment > Sortiment > Crème Dessert", "pdp_url": "https://sortiment.lidl.ch/de/creme-dessert-0057580", "product_description": "Artikelnr.: 57580"}
{"product_name": "Flan Caramel", "brand": "milbona", "regular_price": 1.29, "selling_price": 1.29, "price_per_unit": "pro 6x100g | 100g = 0.22 CHF", "breadcrumb": "Sortiment > Sortiment > Flan Caramel", "pdp_url": "https://sortiment.lidl.ch/de/flan-caramel-0028264", "product_description": "Artikelnr.: 28264"}
{"product_name": "Ferrero Kinder Maxi King", "brand": "", "regular_price": 1.95, "selling_price": 1.95, "price_per_unit": "pro 3x35g | 100g = 1.86 CHF", "breadcrumb": "Sortiment > Sortiment > Ferrero Kinder Maxi King", "pdp_url": "https://sortiment.lidl.ch/de/ferrero-kinder-maxi-king-0002793", "product_description": "Artikelnr.: 2793"}
{"product_name": "Ferrero Kinder Choco fresh", "brand": "", "regular_price": 2.19, "selling_price": 2.19, "price_per_unit": "pro 5x20,5g | 100g = 2.15, 43.80 CHF", "breadcrumb": "Sortiment > Sortiment > Ferrero Kinder Choco fresh", "pdp_url": "https://sortiment.lidl.ch/de/ferrero-kinder-choco-fresh-0001172", "product_description": "Artikelnr.: 1172"}
{"product_name": "Kinder Milchschnitte", "brand": "kinder", "regular_price": 1.69, "selling_price": 1.69, "price_per_unit": "pro 5x28g | 100g = 1.21 CHF", "breadcrumb": "Sortiment > Sortiment > Kinder Milchschnitte", "pdp_url": "https://sortiment.lidl.ch/de/kinder-milchschnitte-0001171", "product_description": "Artikelnr.: 1171"}
{"product_name": "Kinder Pingui", "brand": "", "regular_price": 1.69, "selling_price": 1.69, "price_per_unit": "pro 4x30g | 100g = 1.41 CHF", "breadcrumb": "Sortiment > Sortiment > Kinder Pingui", "pdp_url": "https://sortiment.lidl.ch/de/kinder-pingui-0001170", "product_description": "Artikelnr.: 1170"}
{"product_name": "Backhefe", "brand": "", "regular_price": 0.25, "selling_price": 0.25, "price_per_unit": "pro 42g | 100g = 0.60 CHF", "breadcrumb": "Sortiment > Sortiment > Backhefe", "pdp_url": "https://sortiment.lidl.ch/de/backhefe-0001794", "product_description": "Artikelnr.: 1794"}
{"product_name": "Bifidus Drink", "brand": "milbona", "regular_price": 1.85, "selling_price": 1.85, "price_per_unit": "pro 500ml | 1L = 3.70 CHF", "breadcrumb": "Sortiment > Sortiment > Bifidus Drink", "pdp_url": "https://sortiment.lidl.ch/de/bifidus-drink-5107523", "product_description": "Artikelnr.: 5107523"}
{"product_name": "Emmi Energy Milk High Protein Drink", "brand": "emmi", "regular_price": 2.85, "selling_price": 2.85, "price_per_unit": "pro 330ml | 1L = 8.64 CHF", "breadcrumb": "Sortiment > Sortiment > Emmi Energy Milk High Protein Drink", "pdp_url": "https://sortiment.lidl.ch/de/emmi-energy-milk-high-protein-drink-5107289", "product_description": "Artikelnr.: 5107289"}
{"product_name": "Emmi Energy Milk High Protein Drink", "brand": "emmi", "regular_price": 2.85, "selling_price": 2.85, "price_per_unit": "pro 330ml | 1L = 8.64 CHF", "breadcrumb": "Sortiment > Sortiment > Emmi Energy Milk High Protein Drink", "pdp_url": "https://sortiment.lidl.ch/de/emmi-energy-milk-high-protein-drink-5107288", "product_description": "Artikelnr.: 5107288"}
{"product_name": "Joghurt Drink", "brand": "milbona", "regular_price": 1.79, "selling_price": 1.79, "price_per_unit": "pro 750g | 100g = 0.24 CHF", "breadcrumb": "Sortiment > Sortiment > Joghurt Drink", "pdp_url": "https://sortiment.lidl.ch/de/joghurt-drink-0031588", "product_description": "Artikelnr.: 31588"}
{"product_name": "Danone Actimel Drink", "brand": "danone", "regular_price": 8.19, "selling_price": 8.19, "price_per_unit": "pro 10x100g |", "breadcrumb": "Sortiment > Sortiment > Danone Actimel Drink", "pdp_url": "https://sortiment.lidl.ch/de/danone-actimel-drink-0003855", "product_description": "Artikelnr.: 3855"}
{"product_name": "Emmi Caffè Latte", "brand": "emmi", "regular_price": 2.09, "selling_price": 2.09, "price_per_unit": "pro 230ml | 1L = 9.09 CHF", "breadcrumb": "Sortiment > Sortiment > Emmi Caffè Latte", "pdp_url": "https://sortiment.lidl.ch/de/emmi-caffe-latte-0001658", "product_description": "Artikelnr.: 1658"}
{"product_name": "Molkerei Forster Naturejoghurt 3.5%", "brand": "", "regular_price": 2.99, "selling_price": 2.99, "price_per_unit": "pro 1000g |", "breadcrumb": "Sortiment > Sortiment > Molkerei Forster Naturejoghurt 3.5%", "pdp_url": "https://sortiment.lidl.ch/de/molkerei-forster-naturejoghurt-3-5-5106098", "product_description": "Artikelnr.: 5106098"}
{"product_name": "Naturjoghurt griechischer Art", "brand": "milbona", "regular_price": 2.19, "selling_price": 2.19, "price_per_unit": "pro 500g | 100g = 0.44 CHF", "breadcrumb": "Sortiment > Sortiment > Naturjoghurt griechischer Art", "pdp_url": "https://sortiment.lidl.ch/de/naturjoghurt-griechischer-art-5104016", "product_description": "Artikelnr.: 5104016"}
{"product_name": "Skyr Natur", "brand": "milbona", "regular_price": 1.65, "selling_price": 1.65, "price_per_unit": "pro 350g | 100g = 0.48 CHF", "breadcrumb": "Sortiment > Sortiment > Skyr Natur", "pdp_url": "https://sortiment.lidl.ch/de/skyr-natur-0115569", "product_description": "Artikelnr.: 115569"}
{"product_name": "Bio Naturjoghurt 3.5%", "brand": "milbona", "regular_price": 1.39, "selling_price": 1.39, "price_per_unit": "pro 500g | 100g = 0.28 CHF", "breadcrumb": "Sortiment > Sortiment > Bio Naturjoghurt 3.5%", "pdp_url": "https://sortiment.lidl.ch/de/bio-naturjoghurt-3-5-0002634", "product_description": "Artikelnr.: 2634"}
{"product_name": "Naturjoghurt 3.5% stichfest", "brand": "milbona", "regular_price": 0.48, "selling_price": 0.48, "price_per_unit": "pro 200g | 100g = 0.24 CHF", "breadcrumb": "Sortiment > Sortiment > Naturjoghurt 3.5% stichfest", "pdp_url": "https://sortiment.lidl.ch/de/naturjoghurt-3-5-stichfest-0002197", "product_description": "Artikelnr.: 2197"}
{"product_name": "Naturjoghurt 3.5%", "brand": "milbona", "regular_price": 1.19, "selling_price": 0.89, "price_per_unit": "pro 500g | LP 100g = 0.18 CHF", "breadcrumb": "Sortiment > Sortiment > Naturjoghurt 3.5%", "pdp_url": "https://sortiment.lidl.ch/de/naturjoghurt-3-5-0001547", "product_description": "Artikelnr.: 1547"}
{"product_name": "Naturjoghurt 1,5%", "brand": "milbona", "regular_price": 0.89, "selling_price": 0.89, "price_per_unit": "pro 500g | 100g = 0.18 CHF", "breadcrumb": "Sortiment > Sortiment > Naturjoghurt 1,5%", "pdp_url": "https://sortiment.lidl.ch/de/naturjoghurt-1-5-0001546", "product_description": "Artikelnr.: 1546"}
{"product_name": "Emmi Mix it", "brand": "emmi", "regular_price": 1.85, "selling_price": 1.85, "price_per_unit": "pro 250g | 100g = 0.74 CHF", "breadcrumb": "Sortiment > Sortiment > Emmi Mix it", "pdp_url": "https://sortiment.lidl.ch/de/emmi-mix-it-5107286", "product_description": "Artikelnr.: 5107286"}
{"product_name": "Emmi Joghurt Pur Erdbeere / Himbeer", "brand": "", "regular_price": 2.29, "selling_price": 2.29, "price_per_unit": "pro 2x150g | 100g = 0.77 CHF", "breadcrumb": "Sortiment > Sortiment > Emmi Joghurt Pur Erdbeere / Himbeer", "pdp_url": "https://sortiment.lidl.ch/de/emmi-joghurt-pur-erdbeere-himbeer-5105602", "product_description": "Artikelnr.: 5105602"}
{"product_name": "Skyr fruchtunterlegt", "brand": "milbona", "regular_price": 1.19, "selling_price": 1.19, "price_per_unit": "pro 150g | 100g = 0.80 CHF", "breadcrumb": "Sortiment > Sortiment > Skyr fruchtunterlegt", "pdp_url": "https://sortiment.lidl.ch/de/skyr-fruchtunterlegt-0115680", "product_description": "Artikelnr.: 115680"}
{"product_name": "Fruchtjoghurt 0,1%", "brand": "milbona", "regular_price": 0.45, "selling_price": 0.45, "price_per_unit": "pro 150g | 100g = 0.30 CHF", "breadcrumb": "Sortiment > Sortiment > Fruchtjoghurt 0,1%", "pdp_url": "https://sortiment.lidl.ch/de/fruchtjoghurt-0-1-0028624", "product_description": "Artikelnr.: 28624"}
{"product_name": "Bio Joghurt", "brand": "milbona", "regular_price": 0.79, "selling_price": 0.79, "price_per_unit": "pro 180g | 100g = 0.44 CHF", "breadcrumb": "Sortiment > Sortiment > Bio Joghurt", "pdp_url": "https://sortiment.lidl.ch/de/bio-joghurt-0003351", "product_description": "Artikelnr.: 3351"}
{"product_name": "Fruchtjoghurt griechischer Art", "brand": "milbona", "regular_price": 0.85, "selling_price": 0.65, "price_per_unit": "pro 150g | 100g = 0.44 CHF", "breadcrumb": "Sortiment > Sortiment > Fruchtjoghurt griechischer Art", "pdp_url": "https://sortiment.lidl.ch/de/fruchtjoghurt-griechischer-art-0002693", "product_description": "Artikelnr.: 2693"}
{"product_name": "Bio Fruchtjoghurt", "brand": "milbona", "regular_price": 0.79, "selling_price": 0.79, "price_per_unit": "pro 180g | 100g = 0.44 CHF", "breadcrumb": "Sortiment > Sortiment > Bio Fruchtjoghurt", "pdp_url": "https://sortiment.lidl.ch/de/bio-fruchtjoghurt-0002263", "product_description": "Artikelnr.: 2263"}
{"product_name": "Nestlé Hirz Birchermüesli", "brand": "", "regular_price": 1.99, "selling_price": 1.99, "price_per_unit": "pro 190g | 100g = 1.05 CHF", "breadcrumb": "Sortiment > Sortiment > Nestlé Hirz Birchermüesli", "pdp_url": "https://sortiment.lidl.ch/de/nestle-hirz-birchermueesli-0001678", "product_description": "Artikelnr.: 1678"}
{"product_name": "Danone Activia", "brand": "danone", "regular_price": 3.75, "selling_price": 3.75, "price_per_unit": "pro 4x115g | 100g = 0.82 CHF", "breadcrumb": "Sortiment > Sortiment > Danone Activia", "pdp_url": "https://sortiment.lidl.ch/de/danone-activia-0003512", "product_description": "Artikelnr.: 3512"}
{"product_name": "Danone Activia", "brand": "danone", "regular_price": 3.75, "selling_price": 3.75, "price_per_unit": "pro 4x115g | 100g = 0.82 CHF", "breadcrumb": "Sortiment > Sortiment > Danone Activia", "pdp_url": "https://sortiment.lidl.ch/de/danone-activia-0003511", "product_description": "Artikelnr.: 3511"}
{"product_name": "Schweizer Winterjoghurt", "brand": "milbona", "regular_price": 0.65, "selling_price": 0.65, "price_per_unit": "pro 200g | 100g = 0.33 CHF", "breadcrumb": "Sortiment > Sortiment > Schweizer Winterjoghurt", "pdp_url": "https://sortiment.lidl.ch/de/schweizer-winterjoghurt-0002332", "product_description": "Artikelnr.: 2332"}
{"product_name": "Schweizer Joghurt Schokolade", "brand": "milbona", "regular_price": 0.54, "selling_price": 0.54, "price_per_unit": "pro 200g | 100g = 0.27 CHF", "breadcrumb": "Sortiment > Sortiment > Schweizer Joghurt Schokolade", "pdp_url": "https://sortiment.lidl.ch/de/schweizer-joghurt-schokolade-0002329", "product_description": "Artikelnr.: 2329"}
{"product_name": "Schweizer Joghurt Mokka", "brand": "milbona", "regular_price": 0.54, "selling_price": 0.54, "price_per_unit": "pro 200g | 100g = 0.27 CHF", "breadcrumb": "Sortiment > Sortiment > Schweizer Joghurt Mokka", "pdp_url": "https://sortiment.lidl.ch/de/schweizer-joghurt-mokka-0002324", "product_description": "Artikelnr.: 2324"}
{"product_name": "Schweizer Joghurt Caramel", "brand": "milbona", "regular_price": 0.54, "selling_price": 0.54, "price_per_unit": "pro 200g | 100g = 0.27 CHF", "breadcrumb": "Sortiment > Sortiment > Schweizer Joghurt Caramel", "pdp_url": "https://sortiment.lidl.ch/de/schweizer-joghurt-caramel-0001576", "product_description": "Artikelnr.: 1576"}
{"product_name": "Fruchtquark 0,2%", "brand": "milbona", "regular_price": 2.19, "selling_price": 2.19, "price_per_unit": "pro 500g | 100g = 0.44 CHF", "breadcrumb": "Sortiment > Sortiment > Fruchtquark 0,2%", "pdp_url": "https://sortiment.lidl.ch/de/fruchtquark-0-2-0012250", "product_description": "Artikelnr.: 12250"}
{"product_name": "Fruit King 2 in 1", "brand": "milbona", "regular_price": 1.99, "selling_price": 1.99, "price_per_unit": "pro 4x100g | 100g = 0.50 CHF", "breadcrumb": "Sortiment > Sortiment > Fruit King 2 in 1", "pdp_url": "https://sortiment.lidl.ch/de/fruit-king-2-in-1-0115237", "product_description": "Artikelnr.: 115237"}
{"product_name": "Quark 0,2% nature", "brand": "milbona", "regular_price": 1.75, "selling_price": 1.75, "price_per_unit": "pro 500g | 100g = 0.35 CHF", "breadcrumb": "Sortiment > Sortiment > Quark 0,2% nature", "pdp_url": "https://sortiment.lidl.ch/de/quark-0-2-nature-0073996", "product_description": "Artikelnr.: 73996"}
{"product_name": "Fruit King", "brand": "milbona", "regular_price": 1.99, "selling_price": 1.49, "price_per_unit": "pro 12x60g | LP 100g = 0.21 CHF", "breadcrumb": "Sortiment > Sortiment > Fruit King", "pdp_url": "https://sortiment.lidl.ch/de/fruit-king-0021286", "product_description": "Artikelnr.: 21286"}
{"product_name": "Danone Danonino Quark", "brand": "danone", "regular_price": 2.95, "selling_price": 2.95, "price_per_unit": "pro 8x50g | 100g = 0.74 CHF", "breadcrumb": "Sortiment > Sortiment > Danone Danonino Quark", "pdp_url": "https://sortiment.lidl.ch/de/danone-danonino-quark-0003445", "product_description": "Artikelnr.: 3445"}
{"product_name": "Poulet Ganz", "brand": "bonvalle", "regular_price": 0.79, "selling_price": 0.79, "price_per_unit": "pro 100g, ca. 700g-1300g |", "breadcrumb": "Sortiment > Sortiment > Poulet Ganz", "pdp_url": "https://sortiment.lidl.ch/de/poulet-ganz-5106942", "product_description": "Artikelnr.: 5106942"}
{"product_name": "Pouletbrust Délice", "brand": "bonvalle", "regular_price": 4.69, "selling_price": 4.69, "price_per_unit": "pro 260g | 100g = 1.81 CHF", "breadcrumb": "Sortiment > Sortiment > Pouletbrust Délice", "pdp_url": "https://sortiment.lidl.ch/de/pouletbrust-delice-5106008", "product_description": "Artikelnr.: 5106008"}
{"product_name": "Pouletbrust Minutenschnitzel", "brand": "bonvalle", "regular_price": 2.99, "selling_price": 2.29, "price_per_unit": "pro 200g | 100g = 1.15 CHF", "breadcrumb": "Sortiment > Sortiment > Pouletbrust Minutenschnitzel", "pdp_url": "https://sortiment.lidl.ch/de/pouletbrust-minutenschnitzel-5106007", "product_description": "Artikelnr.: 5106007"}
{"product_name": "Pouletbrust Minutenschnitzel", "brand": "bonvalle", "regular_price": 5.49, "selling_price": 5.49, "price_per_unit": "pro 330g | 100g = 1.67 CHF", "breadcrumb": "Sortiment > Sortiment > Pouletbrust Minutenschnitzel", "pdp_url": "https://sortiment.lidl.ch/de/pouletbrust-minutenschnitzel-5104269", "product_description": "Artikelnr.: 5104269 extra dünn"}
{"product_name": "Pouletschlegeli", "brand": "bonvalle", "regular_price": 5.89, "selling_price": 5.89, "price_per_unit": "pro 700g | 100g = 0.85 CHF", "breadcrumb": "Sortiment > Sortiment > Pouletschlegeli", "pdp_url": "https://sortiment.lidl.ch/de/pouletschlegeli-5103871", "product_description": "Artikelnr.: 5103871"}
{"product_name": "Pouletschlegeli", "brand": "bonvalle", "regular_price": 5.99, "selling_price": 5.99, "price_per_unit": "pro 700g | 100g = 0.86 CHF", "breadcrumb": "Sortiment > Sortiment > Pouletschlegeli", "pdp_url": "https://sortiment.lidl.ch/de/pouletschlegeli-5103870", "product_description": "Artikelnr.: 5103870"}
{"product_name": "Pouletschenkel", "brand": "bonvalle", "regular_price": 5.99, "selling_price": 5.99, "price_per_unit": "pro 800g | 100g = 0.75 CHF", "breadcrumb": "Sortiment > Sortiment > Pouletschenkel", "pdp_url": "https://sortiment.lidl.ch/de/pouletschenkel-5103869", "product_description": "Artikelnr.: 5103869"}
{"product_name": "Pouletflügeli", "brand": "bonvalle", "regular_price": 2.99, "selling_price": 2.99, "price_per_unit": "pro 550g | 100g = 0.55 CHF", "breadcrumb": "Sortiment > Sortiment > Pouletflügeli", "pdp_url": "https://sortiment.lidl.ch/de/pouletfluegeli-5103128", "product_description": "Artikelnr.: 5103128"}
{"product_name": "Pouletbrust Minutenschnitzel", "brand": "carnesi", "regular_price": 4.99, "selling_price": 4.99, "price_per_unit": "pro 400g | 100g = 1.25 CHF", "breadcrumb": "Sortiment > Sortiment > Pouletbrust Minutenschnitzel", "pdp_url": "https://sortiment.lidl.ch/de/pouletbrust-minutenschnitzel-0123563", "product_description": "Artikelnr.: 123563"}
{"product_name": "Pouletbrust Geschnetzeltes", "brand": "carnesi", "regular_price": 5.99, "selling_price": 5.99, "price_per_unit": "pro 500g | 100g = 1.20 CHF", "breadcrumb": "Sortiment > Sortiment > Pouletbrust Geschnetzeltes", "pdp_url": "https://sortiment.lidl.ch/de/pouletbrust-geschnetzeltes-0123561", "product_description": "Artikelnr.: 123561"}
{"product_name": "Pouletbrust", "brand": "carnesi", "regular_price": 5.99, "selling_price": 5.99, "price_per_unit": "pro 500g | 100g = 1.20 CHF", "breadcrumb": "Sortiment > Sortiment > Pouletbrust", "pdp_url": "https://sortiment.lidl.ch/de/pouletbrust-0123560", "product_description": "Artikelnr.: 123560"}
{"product_name": "Poulet Innenfilet", "brand": "landjunker", "regular_price": 4.99, "selling_price": 4.99, "price_per_unit": "pro 350g | 100g = 1.43 CHF", "breadcrumb": "Sortiment > Sortiment > Poulet Innenfilet", "pdp_url": "https://sortiment.lidl.ch/de/poulet-innenfilet-0123559", "product_description": "Artikelnr.: 123559"}
{"product_name": "Poulet Innenfilet", "brand": "bonvalle", "regular_price": 5.49, "selling_price": 5.49, "price_per_unit": "pro 250g | 100g = 2.20 CHF", "breadcrumb": "Sortiment > Sortiment > Poulet Innenfilet", "pdp_url": "https://sortiment.lidl.ch/de/poulet-innenfilet-0003145", "product_description": "Artikelnr.: 3145"}
{"product_name": "Pouletschenkel", "brand": "bonvalle", "regular_price": 5.99, "selling_price": 5.99, "price_per_unit": "pro 800g | 100g = 0.75 CHF", "breadcrumb": "Sortiment > Sortiment > Pouletschenkel", "pdp_url": "https://sortiment.lidl.ch/de/pouletschenkel-0002834", "product_description": "Artikelnr.: 2834"}
{"product_name": "Pouletflügeli", "brand": "bonvalle", "regular_price": 4.29, "selling_price": 4.29, "price_per_unit": "pro 550g | 100g = 0.78 CHF", "breadcrumb": "Sortiment > Sortiment > Pouletflügeli", "pdp_url": "https://sortiment.lidl.ch/de/pouletfluegeli-0001363", "product_description": "Artikelnr.: 1363"}
{"product_name": "Pouletbrustgeschnetzeltes", "brand": "bonvalle", "regular_price": 5.99, "selling_price": 5.99, "price_per_unit": "pro 300g | 100g = 2.00 CHF", "breadcrumb": "Sortiment > Sortiment > Pouletbrustgeschnetzeltes", "pdp_url": "https://sortiment.lidl.ch/de/pouletbrustgeschnetzeltes-0001355", "product_description": "Artikelnr.: 1355"}
{"product_name": "Pouletbrust", "brand": "bonvalle", "regular_price": 6.49, "selling_price": 6.49, "price_per_unit": "pro 300g | 100g = 2.17 CHF", "breadcrumb": "Sortiment > Sortiment > Pouletbrust", "pdp_url": "https://sortiment.lidl.ch/de/pouletbrust-0001353", "product_description": "Artikelnr.: 1353"}
{"product_name": "Weichspülkonzentrat", "brand": "doussy", "regular_price": 1.79, "selling_price": 1.79, "price_per_unit": "pro 2l | 1L = 0.90 CHF", "breadcrumb": "Sortiment > Sortiment > Weichspülkonzentrat", "pdp_url": "https://sortiment.lidl.ch/de/weichspuelkonzentrat-0072204", "product_description": "Artikelnr.: 72204"}
{"product_name": "Badreiniger", "brand": "w5", "regular_price": 1.39, "selling_price": 1.39, "price_per_unit": "pro 1l |", "breadcrumb": "Sortiment > Sortiment > Badreiniger", "pdp_url": "https://sortiment.lidl.ch/de/badreiniger-0029752", "product_description": "Artikelnr.: 29752"}
{"product_name": "Spülmaschinen-Pfleger", "brand": "w5", "regular_price": 3.49, "selling_price": 3.49, "price_per_unit": "pro 2x250ml | 1L = 6.98 CHF", "breadcrumb": "Sortiment > Sortiment > Spülmaschinen-Pfleger", "pdp_url": "https://sortiment.lidl.ch/de/spuelmaschinen-pfleger-0013208", "product_description": "Artikelnr.: 13208"}
{"product_name": "Meister Proper Allzweck-Reiniger", "brand": "meister_proper", "regular_price": 3.45, "selling_price": 3.45, "price_per_unit": "pro 1l |", "breadcrumb": "Sortiment > Sortiment > Meister Proper Allzweck-Reiniger", "pdp_url": "https://sortiment.lidl.ch/de/meister-proper-allzweck-reiniger-0001212", "product_description": "Artikelnr.: 1212"}
{"product_name": "Finish Klarspüler", "brand": "finish", "regular_price": 3.95, "selling_price": 3.95, "price_per_unit": "pro 400ml | 1L = 9.88 CHF", "breadcrumb": "Sortiment > Sortiment > Finish Klarspüler", "pdp_url": "https://sortiment.lidl.ch/de/finish-klarspueler-0001163", "product_description": "Artikelnr.: 1163"}
{"product_name": "Duso Power Gel Rohrreiniger", "brand": "duso", "regular_price": 3.99, "selling_price": 3.99, "price_per_unit": "pro 1l |", "breadcrumb": "Sortiment > Sortiment > Duso Power Gel Rohrreiniger", "pdp_url": "https://sortiment.lidl.ch/de/duso-power-gel-rohrreiniger-5106332", "product_description": "Artikelnr.: 5106332"}
{"product_name": "Duso Javelwasser", "brand": "duso", "regular_price": 1.29, "selling_price": 1.29, "price_per_unit": "pro 2l | 1L = 0.65 CHF", "breadcrumb": "Sortiment > Sortiment > Duso Javelwasser", "pdp_url": "https://sortiment.lidl.ch/de/duso-javelwasser-5105250", "product_description": "Artikelnr.: 5105250"}
{"product_name": "All-in-1 Reiniger-Tabs", "brand": "w5", "regular_price": 4.29, "selling_price": 4.29, "price_per_unit": "pro 40 Stück | 1 Stk = 0.11 CHF", "breadcrumb": "Sortiment > Sortiment > All-in-1 Reiniger-Tabs", "pdp_url": "https://sortiment.lidl.ch/de/all-in-1-reiniger-tabs-0142526", "product_description": "Artikelnr.: 142526"}
{"product_name": "Calcex Entkalker", "brand": "calcex", "regular_price": 4.95, "selling_price": 4.95, "price_per_unit": "pro 1,5l | 1L = 3.30 CHF", "breadcrumb": "Sortiment > Sortiment > Calcex Entkalker", "pdp_url": "https://sortiment.lidl.ch/de/calcex-entkalker-0005624", "product_description": "Artikelnr.: 5624"}
{"product_name": "Scheibenreiniger", "brand": "w5", "regular_price": 4.49, "selling_price": 4.49, "price_per_unit": "pro 2l | 1L = 2.25 CHF", "breadcrumb": "Sortiment > Sortiment > Scheibenreiniger", "pdp_url": "https://sortiment.lidl.ch/de/scheibenreiniger-0002124", "product_description": "Artikelnr.: 2124"}
{"product_name": "Duso Allzweck / Abwaschmittel", "brand": "duso", "regular_price": 1.09, "selling_price": 1.09, "price_per_unit": "pro 1,5l | 1L = 0.73 CHF", "breadcrumb": "Sortiment > Sortiment > Duso Allzweck / Abwaschmittel", "pdp_url": "https://sortiment.lidl.ch/de/duso-allzweck-abwaschmittel-0002117", "product_description": "Artikelnr.: 2117"}
{"product_name": "Reosal Regeneriersalz fein", "brand": "reosal", "regular_price": 1.09, "selling_price": 1.09, "price_per_unit": "pro 1kg |", "breadcrumb": "Sortiment > Sortiment > Reosal Regeneriersalz fein", "pdp_url": "https://sortiment.lidl.ch/de/reosal-regeneriersalz-fein-0001038", "product_description": "Artikelnr.: 1038"}
{"product_name": "Mango", "brand": "rainforest_alliance", "regular_price": 2.79, "selling_price": 2.79, "price_per_unit": "pro Stück |", "breadcrumb": "Sortiment > Sortiment > Mango", "pdp_url": "https://sortiment.lidl.ch/de/mango-0080711", "product_description": "Artikelnr.: 80711"}
{"product_name": "BIO Mango", "brand": "bio_organic", "regular_price": 2.99, "selling_price": 2.99, "price_per_unit": "pro Stück |", "breadcrumb": "Sortiment > Sortiment > BIO Mango", "pdp_url": "https://sortiment.lidl.ch/de/bio-mango-0081850", "product_description": "Artikelnr.: 81850"}
{"product_name": "BIO Kiwi grün 500g", "brand": "bio_organic", "regular_price": 2.99, "selling_price": 2.99, "price_per_unit": "pro 500g | 1Kg = 5.98 CHF", "breadcrumb": "Sortiment > Sortiment > BIO Kiwi grün 500g", "pdp_url": "https://sortiment.lidl.ch/de/bio-kiwi-gruen-500g-0081676", "product_description": "Artikelnr.: 81676"}
{"product_name": "Bio Avocado", "brand": "bio_organic", "regular_price": 1.29, "selling_price": 1.29, "price_per_unit": "pro Stück |", "breadcrumb": "Sortiment > Sortiment > Bio Avocado", "pdp_url": "https://sortiment.lidl.ch/de/bio-avocado-0081671", "product_description": "Artikelnr.: 81671"}
{"product_name": "Süsskartoffeln", "brand": "", "regular_price": 1.79, "selling_price": 1.79, "price_per_unit": "pro 1kg |", "breadcrumb": "Sortiment > Sortiment > Süsskartoffeln", "pdp_url": "https://sortiment.lidl.ch/de/suesskartoffeln-0080755", "product_description": "Artikelnr.: 80755"}
{"product_name": "Fairtrade Passionsfrucht", "brand": "fairglobe", "regular_price": 0.49, "selling_price": 0.49, "price_per_unit": "pro Stück |", "breadcrumb": "Sortiment > Sortiment > Fairtrade Passionsfrucht", "pdp_url": "https://sortiment.lidl.ch/de/fairtrade-passionsfrucht-0080747", "product_description": "Artikelnr.: 80747"}
{"product_name": "Physalis 100g", "brand": "", "regular_price": 1.19, "selling_price": 1.19, "price_per_unit": "pro 100g |", "breadcrumb": "Sortiment > Sortiment > Physalis 100g", "pdp_url": "https://sortiment.lidl.ch/de/physalis-100g-0080735", "product_description": "Artikelnr.: 80735"}
{"product_name": "Kokosnuss", "brand": "", "regular_price": 0.99, "selling_price": 0.99, "price_per_unit": "pro Stück |", "breadcrumb": "Sortiment > Sortiment > Kokosnuss", "pdp_url": "https://sortiment.lidl.ch/de/kokosnuss-0080696", "product_description": "Artikelnr.: 80696"}
{"product_name": "Kiwi Gold 3 Stück", "brand": "", "regular_price": 1.99, "selling_price": 1.99, "price_per_unit": "pro 3 Stück |", "breadcrumb": "Sortiment > Sortiment > Kiwi Gold 3 Stück", "pdp_url": "https://sortiment.lidl.ch/de/kiwi-gold-3-stueck-0080690", "product_description": "Artikelnr.: 80690"}
{"product_name": "Kiwi", "brand": "", "regular_price": 0.59, "selling_price": 0.59, "price_per_unit": "pro Stück |", "breadcrumb": "Sortiment > Sortiment > Kiwi", "pdp_url": "https://sortiment.lidl.ch/de/kiwi-0080676", "product_description": "Artikelnr.: 80676"}
{"product_name": "Kaktusfeigen 500g", "brand": "", "regular_price": 1.29, "selling_price": 1.29, "price_per_unit": "pro 500g | 1Kg = 2.58 CHF", "breadcrumb": "Sortiment > Sortiment > Kaktusfeigen 500g", "pdp_url": "https://sortiment.lidl.ch/de/kaktusfeigen-500g-0080666", "product_description": "Artikelnr.: 80666"}
{"product_name": "Granatapfel", "brand": "", "regular_price": 1.35, "selling_price": 0.85, "price_per_unit": "pro Stück |", "breadcrumb": "Sortiment > Sortiment > Granatapfel", "pdp_url": "https://sortiment.lidl.ch/de/granatapfel-0080646", "product_description": "Artikelnr.: 80646"}
{"product_name": "Feigen 500g", "brand": "", "regular_price": 2.49, "selling_price": 2.49, "price_per_unit": "pro 500g | 1Kg = 4.98 CHF", "breadcrumb": "Sortiment > Sortiment > Feigen 500g", "pdp_url": "https://sortiment.lidl.ch/de/feigen-500g-0080640", "product_description": "Artikelnr.: 80640"}
{"product_name": "Feigen", "brand": "", "regular_price": 0.49, "selling_price": 0.49, "price_per_unit": "pro Stück |", "breadcrumb": "Sortiment > Sortiment > Feigen", "pdp_url": "https://sortiment.lidl.ch/de/feigen-0080636", "product_description": "Artikelnr.: 80636"}
{"product_name": "Avocado 700g", "brand": "rainforest_alliance", "regular_price": 2.49, "selling_price": 2.49, "price_per_unit": "pro 700g | 1Kg = 3.56 CHF", "breadcrumb": "Sortiment > Sortiment > Avocado 700g", "pdp_url": "https://sortiment.lidl.ch/de/avocado-700g-0080619", "product_description": "Artikelnr.: 80619"}
{"product_name": "Ananas Extra sweet", "brand": "rainforest_alliance", "regular_price": 2.29, "selling_price": 2.29, "price_per_unit": "pro Stück |", "breadcrumb": "Sortiment > Sortiment > Ananas Extra sweet", "pdp_url": "https://sortiment.lidl.ch/de/ananas-extra-sweet-0080611", "product_description": "Artikelnr.: 80611"}
{"product_name": "Grapefruit", "brand": "", "regular_price": 0.89, "selling_price": 0.89, "price_per_unit": "pro Stück |", "breadcrumb": "Sortiment > Sortiment > Grapefruit", "pdp_url": "https://sortiment.lidl.ch/de/grapefruit-0080041", "product_description": "Artikelnr.: 80041"}
{"product_name": "Clementinen", "brand": "", "regular_price": 2.49, "selling_price": 2.49, "price_per_unit": "pro 1kg |", "breadcrumb": "Sortiment > Sortiment > Clementinen", "pdp_url": "https://sortiment.lidl.ch/de/clementinen-0080085", "product_description": "Artikelnr.: 80085"}
{"product_name": "Bio Zitronen", "brand": "bio_organic", "regular_price": 0.49, "selling_price": 0.49, "price_per_unit": "pro Stück |", "breadcrumb": "Sortiment > Sortiment > Bio Zitronen", "pdp_url": "https://sortiment.lidl.ch/de/bio-zitronen-0081536", "product_description": "Artikelnr.: 81536"}
{"product_name": "Bio Orangen 1kg", "brand": "bio_organic", "regular_price": 3.79, "selling_price": 3.79, "price_per_unit": "pro 1kg |", "breadcrumb": "Sortiment > Sortiment > Bio Orangen 1kg", "pdp_url": "https://sortiment.lidl.ch/de/bio-orangen-1kg-0081532", "product_description": "Artikelnr.: 81532"}
{"product_name": "Fairtrade Limette", "brand": "fairglobe", "regular_price": 0.49, "selling_price": 0.49, "price_per_unit": "pro Stück |", "breadcrumb": "Sortiment > Sortiment > Fairtrade Limette", "pdp_url": "https://sortiment.lidl.ch/de/fairtrade-limette-0080179", "product_description": "Artikelnr.: 80179"}
{"product_name": "Zitrone", "brand": "", "regular_price": 0.39, "selling_price": 0.39, "price_per_unit": "pro Stück |", "breadcrumb": "Sortiment > Sortiment > Zitrone", "pdp_url": "https://sortiment.lidl.ch/de/zitrone-0080161", "product_description": "Artikelnr.: 80161"}
{"product_name": "Orangen 1,5kg", "brand": "", "regular_price": 2.25, "selling_price": 2.25, "price_per_unit": "pro 1.5kg | 1Kg = 1.50 CHF", "breadcrumb": "Sortiment > Sortiment > Orangen 1,5kg", "pdp_url": "https://sortiment.lidl.ch/de/orangen-1-5kg-0080141", "product_description": "Artikelnr.: 80141"}
{"product_name": "Bio Heidelbeeren 125g", "brand": "bio_organic", "regular_price": 1.69, "selling_price": 1.69, "price_per_unit": "pro 125g | 100g = 1.36 CHF", "breadcrumb": "Sortiment > Sortiment > Bio Heidelbeeren 125g", "pdp_url": "https://sortiment.lidl.ch/de/bio-heidelbeeren-125g-0081685", "product_description": "Artikelnr.: 81685"}
{"product_name": "Himbeeren 250g", "brand": "", "regular_price": 4.99, "selling_price": 4.99, "price_per_unit": "pro 250g | 100g = 2.00 CHF", "breadcrumb": "Sortiment > Sortiment > Himbeeren 250g", "pdp_url": "https://sortiment.lidl.ch/de/himbeeren-250g-0080838", "product_description": "Artikelnr.: 80838"}
{"product_name": "Heidelbeeren 250g", "brand": "", "regular_price": 3.79, "selling_price": 3.79, "price_per_unit": "pro 250g | 100g = 1.52 CHF", "breadcrumb": "Sortiment > Sortiment > Heidelbeeren 250g", "pdp_url": "https://sortiment.lidl.ch/de/heidelbeeren-250g-0080823", "product_description": "Artikelnr.: 80823"}
{"product_name": "Erdbeeren 500g", "brand": "", "regular_price": 4.99, "selling_price": 4.99, "price_per_unit": "pro 500g | 1Kg = 9.98 CHF", "breadcrumb": "Sortiment > Sortiment > Erdbeeren 500g", "pdp_url": "https://sortiment.lidl.ch/de/erdbeeren-500g-0080805", "product_description": "Artikelnr.: 80805"}
{"product_name": "Erdbeeren 250g", "brand": "", "regular_price": 3.99, "selling_price": 3.99, "price_per_unit": "pro 250g | 100g = 1.60 CHF", "breadcrumb": "Sortiment > Sortiment > Erdbeeren 250g", "pdp_url": "https://sortiment.lidl.ch/de/erdbeeren-250g-0080801", "product_description": "Artikelnr.: 80801"}
{"product_name": "Zwetschgen", "brand": "", "regular_price": 4.49, "selling_price": 4.49, "price_per_unit": "pro 1kg |", "breadcrumb": "Sortiment > Sortiment > Zwetschgen", "pdp_url": "https://sortiment.lidl.ch/de/zwetschgen-0080435", "product_description": "Artikelnr.: 80435"}
{"product_name": "Pflaumen 1kg", "brand": "", "regular_price": 2.69, "selling_price": 2.69, "price_per_unit": "pro 1kg |", "breadcrumb": "Sortiment > Sortiment > Pflaumen 1kg", "pdp_url": "https://sortiment.lidl.ch/de/pflaumen-1kg-0080417", "product_description": "Artikelnr.: 80417"}
{"product_name": "Pfirsiche 1kg", "brand": "", "regular_price": 1.99, "selling_price": 1.99, "price_per_unit": "pro 1kg |", "breadcrumb": "Sortiment > Sortiment > Pfirsiche 1kg", "pdp_url": "https://sortiment.lidl.ch/de/pfirsiche-1kg-0080403", "product_description": "Artikelnr.: 80403"}
{"product_name": "Nektarinen 1kg", "brand": "", "regular_price": 1.99, "selling_price": 1.99, "price_per_unit": "pro 1kg |", "breadcrumb": "Sortiment > Sortiment > Nektarinen 1kg", "pdp_url": "https://sortiment.lidl.ch/de/nektarinen-1kg-0080388", "product_description": "Artikelnr.: 80388"}
{"product_name": "Nektarinen", "brand": "", "regular_price": 2.49, "selling_price": 2.49, "price_per_unit": "pro 1kg |", "breadcrumb": "Sortiment > Sortiment > Nektarinen", "pdp_url": "https://sortiment.lidl.ch/de/nektarinen-0080380", "product_description": "Artikelnr.: 80380"}
{"product_name": "Bio Äpfel rot 500g", "brand": "bio_organic", "regular_price": 2.85, "selling_price": 2.85, "price_per_unit": "pro 500g | 1Kg = 5.70 CHF", "breadcrumb": "Sortiment > Sortiment > Bio Äpfel rot 500g", "pdp_url": "https://sortiment.lidl.ch/de/bio-aepfel-rot-500g-0081560", "product_description": "Artikelnr.: 81560"}
{"product_name": "Nashi Birnen", "brand": "", "regular_price": 0.99, "selling_price": 0.99, "price_per_unit": "pro Stück |", "breadcrumb": "Sortiment > Sortiment > Nashi Birnen", "pdp_url": "https://sortiment.lidl.ch/de/nashi-birnen-0080316", "product_description": "Artikelnr.: 80316"}
{"product_name": "Birnen in Schale", "brand": "", "regular_price": 2.99, "selling_price": 2.99, "price_per_unit": "pro 1kg |", "breadcrumb": "Sortiment > Sortiment > Birnen in Schale", "pdp_url": "https://sortiment.lidl.ch/de/birnen-in-schale-0080285", "product_description": "Artikelnr.: 80285"}
{"product_name": "Äpfel rot 2,5kg", "brand": "", "regular_price": 3.95, "selling_price": 2.99, "price_per_unit": "pro 2.5kg | 1Kg = 1.20 CHF", "breadcrumb": "Sortiment > Sortiment > Äpfel rot 2,5kg", "pdp_url": "https://sortiment.lidl.ch/de/aepfel-rot-2-5kg-0080236", "product_description": "Artikelnr.: 80236"}
{"product_name": "Äpfel Pink Lady 1kg", "brand": "", "regular_price": 4.49, "selling_price": 4.49, "price_per_unit": "pro 1kg |", "breadcrumb": "Sortiment > Sortiment > Äpfel Pink Lady 1kg", "pdp_url": "https://sortiment.lidl.ch/de/aepfel-pink-lady-1kg-0080215", "product_description": "Artikelnr.: 80215"}
{"product_name": "Äpfel grün", "brand": "", "regular_price": 2.89, "selling_price": 2.89, "price_per_unit": "pro 1kg |", "breadcrumb": "Sortiment > Sortiment > Äpfel grün", "pdp_url": "https://sortiment.lidl.ch/de/aepfel-gruen-0080185", "product_description": "Artikelnr.: 80185"}
{"product_name": "Wassermelone kernarm", "brand": "", "regular_price": 1.29, "selling_price": 1.29, "price_per_unit": "pro 1kg |", "breadcrumb": "Sortiment > Sortiment > Wassermelone kernarm", "pdp_url": "https://sortiment.lidl.ch/de/wassermelone-kernarm-0080575", "product_description": "Artikelnr.: 80575"}
{"product_name": "Melone Waikiki Premium", "brand": "", "regular_price": 2.99, "selling_price": 2.99, "price_per_unit": "pro Stück |", "breadcrumb": "Sortiment > Sortiment > Melone Waikiki Premium", "pdp_url": "https://sortiment.lidl.ch/de/melone-waikiki-premium-0080553", "product_description": "Artikelnr.: 80553"}
{"product_name": "Galiamelone", "brand": "rainforest_alliance", "regular_price": 2.99, "selling_price": 2.99, "price_per_unit": "pro Stück |", "breadcrumb": "Sortiment > Sortiment > Galiamelone", "pdp_url": "https://sortiment.lidl.ch/de/galiamelone-0080546", "product_description": "Artikelnr.: 80546"}
{"product_name": "BIO Trauben hell kernlos 500g", "brand": "bio_organic", "regular_price": 2.29, "selling_price": 2.29, "price_per_unit": "pro 500g | 1Kg = 4.58 CHF", "breadcrumb": "Sortiment > Sortiment > BIO Trauben hell kernlos 500g", "pdp_url": "https://sortiment.lidl.ch/de/bio-trauben-hell-kernlos-500g-0081651", "product_description": "Artikelnr.: 81651"}
{"product_name": "Trauben Premium 400g", "brand": "", "regular_price": 2.49, "selling_price": 2.49, "price_per_unit": "pro 400g | 100g = 0.63 CHF", "breadcrumb": "Sortiment > Sortiment > Trauben Premium 400g", "pdp_url": "https://sortiment.lidl.ch/de/trauben-premium-400g-0080532", "product_description": "Artikelnr.: 80532"}
{"product_name": "Trauben hell", "brand": "", "regular_price": 2.59, "selling_price": 2.59, "price_per_unit": "pro 1kg |", "breadcrumb": "Sortiment > Sortiment > Trauben hell", "pdp_url": "https://sortiment.lidl.ch/de/trauben-hell-0080510", "product_description": "Artikelnr.: 80510"}
{"product_name": "Trauben hell kernlos 500g", "brand": "", "regular_price": 1.99, "selling_price": 1.99, "price_per_unit": "pro 500g | 1Kg = 3.98 CHF", "breadcrumb": "Sortiment > Sortiment > Trauben hell kernlos 500g", "pdp_url": "https://sortiment.lidl.ch/de/trauben-hell-kernlos-500g-0080505", "product_description": "Artikelnr.: 80505"}
{"product_name": "Trauben rot", "brand": "", "regular_price": 2.59, "selling_price": 2.59, "price_per_unit": "pro 1kg |", "breadcrumb": "Sortiment > Sortiment > Trauben rot", "pdp_url": "https://sortiment.lidl.ch/de/trauben-rot-0080490", "product_description": "Artikelnr.: 80490"}
{"product_name": "Trauben rot kernlos 500g", "brand": "", "regular_price": 1.99, "selling_price": 1.99, "price_per_unit": "pro 500g | 1Kg = 3.98 CHF", "breadcrumb": "Sortiment > Sortiment > Trauben rot kernlos 500g", "pdp_url": "https://sortiment.lidl.ch/de/trauben-rot-kernlos-500g-0080485", "product_description": "Artikelnr.: 80485"}
{"product_name": "Trauben Mix 500g", "brand": "", "regular_price": 1.99, "selling_price": 1.99, "price_per_unit": "pro 500g | 1Kg = 3.98 CHF", "breadcrumb": "Sortiment > Sortiment > Trauben Mix 500g", "pdp_url": "https://sortiment.lidl.ch/de/trauben-mix-500g-0080475", "product_description": "Artikelnr.: 80475"}
{"product_name": "Fairtrade Bio Bananen", "brand": "fairglobe", "regular_price": 2.69, "selling_price": 2.69, "price_per_unit": "pro 1kg |", "breadcrumb": "Sortiment > Sortiment > Fairtrade Bio Bananen", "pdp_url": "https://sortiment.lidl.ch/de/fairtrade-bio-bananen-0081510", "product_description": "Artikelnr.: 81510"}
{"product_name": "Bananen", "brand": "rainforest_alliance", "regular_price": 1.29, "selling_price": 1.29, "price_per_unit": "pro 1kg |", "breadcrumb": "Sortiment > Sortiment > Bananen", "pdp_url": "https://sortiment.lidl.ch/de/bananen-0080000", "product_description": "Artikelnr.: 80000"}
{"product_name": "Bio Eistee", "brand": "freeway", "regular_price": 0.79, "selling_price": 0.79, "price_per_unit": "pro 0,5l | 1L = 1.58 CHF", "breadcrumb": "Sortiment > Sortiment > Bio Eistee", "pdp_url": "https://sortiment.lidl.ch/de/bio-eistee-5105758", "product_description": "Artikelnr.: 5105758 diverse Sorten"}
{"product_name": "Ice Tea frisch aufgebrüht", "brand": "freeway", "regular_price": 0.79, "selling_price": 0.79, "price_per_unit": "pro 0,5l | 1L = 1.58 CHF", "breadcrumb": "Sortiment > Sortiment > Ice Tea frisch aufgebrüht", "pdp_url": "https://sortiment.lidl.ch/de/ice-tea-frisch-aufgebrueht-5103012", "product_description": "Artikelnr.: 5103012 *Konkurrenzvergleich:  17.07.2024"}
{"product_name": "Ice Tea frisch aufgebrüht", "brand": "freeway", "regular_price": 0.89, "selling_price": 0.89, "price_per_unit": "pro 1000ml |", "breadcrumb": "Sortiment > Sortiment > Ice Tea frisch aufgebrüht", "pdp_url": "https://sortiment.lidl.ch/de/ice-tea-frisch-aufgebrueht-0003357", "product_description": "Artikelnr.: 3357"}
{"product_name": "Ice Tea Pfirsich", "brand": "freeway", "regular_price": 0.59, "selling_price": 0.59, "price_per_unit": "pro 1,5l | 1L = 0.40 CHF", "breadcrumb": "Sortiment > Sortiment > Ice Tea Pfirsich", "pdp_url": "https://sortiment.lidl.ch/de/ice-tea-pfirsich-0000027", "product_description": "Artikelnr.: 27"}
{"product_name": "Ice Tea Zitrone", "brand": "freeway", "regular_price": 0.59, "selling_price": 0.59, "price_per_unit": "pro 1,5l | 1L = 0.40 CHF", "breadcrumb": "Sortiment > Sortiment > Ice Tea Zitrone", "pdp_url": "https://sortiment.lidl.ch/de/ice-tea-zitrone-0000026", "product_description": "Artikelnr.: 26"}
{"product_name": "Ice Tea Zero frisch aufgebrüht", "brand": "freeway", "regular_price": 0.79, "selling_price": 0.79, "price_per_unit": "pro 500ml | 1L = 1.58 CHF", "breadcrumb": "Sortiment > Sortiment > Ice Tea Zero frisch aufgebrüht", "pdp_url": "https://sortiment.lidl.ch/de/ice-tea-zero-frisch-aufgebrueht-5107107", "product_description": "Artikelnr.: 5107107"}
{"product_name": "Kokosnusswasser", "brand": "solevita", "regular_price": 1.45, "selling_price": 1.45, "price_per_unit": "pro 0,5l | 1L = 2.90 CHF", "breadcrumb": "Sortiment > Sortiment > Kokosnusswasser", "pdp_url": "https://sortiment.lidl.ch/de/kokosnusswasser-0136227", "product_description": "Artikelnr.: 136227"}
{"product_name": "Tropical Drink", "brand": "solevita", "regular_price": 0.99, "selling_price": 0.99, "price_per_unit": "pro 1,5l | 1L = 0.66 CHF", "breadcrumb": "Sortiment > Sortiment > Tropical Drink", "pdp_url": "https://sortiment.lidl.ch/de/tropical-drink-0003499", "product_description": "Artikelnr.: 3499"}
{"product_name": "Bio Ingwer Kurkuma Shot", "brand": "solevita", "regular_price": 1.69, "selling_price": 1.69, "price_per_unit": "pro 150ml | 1L = 11.27 CHF", "breadcrumb": "Sortiment > Sortiment > Bio Ingwer Kurkuma Shot", "pdp_url": "https://sortiment.lidl.ch/de/bio-ingwer-kurkuma-shot-0149169", "product_description": "Artikelnr.: 149169"}
{"product_name": "Bio Ingwer Shot", "brand": "solevita", "regular_price": 1.69, "selling_price": 1.69, "price_per_unit": "pro 150ml | 1L = 11.27 CHF", "breadcrumb": "Sortiment > Sortiment > Bio Ingwer Shot", "pdp_url": "https://sortiment.lidl.ch/de/bio-ingwer-shot-0143693", "product_description": "Artikelnr.: 143693"}
{"product_name": "Family Drink", "brand": "solevita", "regular_price": 1.59, "selling_price": 1.59, "price_per_unit": "pro 1l |", "breadcrumb": "Sortiment > Sortiment > Family Drink", "pdp_url": "https://sortiment.lidl.ch/de/family-drink-0143915", "product_description": "Artikelnr.: 143915"}
{"product_name": "Bio Gemüsesaft", "brand": "solevita", "regular_price": 1.45, "selling_price": 1.45, "price_per_unit": "pro 1l |", "breadcrumb": "Sortiment > Sortiment > Bio Gemüsesaft", "pdp_url": "https://sortiment.lidl.ch/de/bio-gemuesesaft-0137429", "product_description": "Artikelnr.: 137429"}
{"product_name": "Zitronensaft", "brand": "solevita", "regular_price": 0.59, "selling_price": 0.59, "price_per_unit": "pro 200ml | 1L = 2.95 CHF", "breadcrumb": "Sortiment > Sortiment > Zitronensaft", "pdp_url": "https://sortiment.lidl.ch/de/zitronensaft-0031323", "product_description": "Artikelnr.: 31323"}
{"product_name": "Energy Drink Sugarfree", "brand": "kong_strong", "regular_price": 0.55, "selling_price": 0.55, "price_per_unit": "pro 0,25l | 1L = 2.20 CHF", "breadcrumb": "Sortiment > Sortiment > Energy Drink Sugarfree", "pdp_url": "https://sortiment.lidl.ch/de/energy-drink-sugarfree-0126943", "product_description": "Artikelnr.: 126943"}
{"product_name": "Energy Drink Classic", "brand": "kong_strong", "regular_price": 0.55, "selling_price": 0.55, "price_per_unit": "pro 0,25l | 1L = 2.20 CHF", "breadcrumb": "Sortiment > Sortiment > Energy Drink Classic", "pdp_url": "https://sortiment.lidl.ch/de/energy-drink-classic-0126942", "product_description": "Artikelnr.: 126942"}
{"product_name": "Tamaro Gassosa", "brand": "tamaro", "regular_price": 1.49, "selling_price": 1.49, "price_per_unit": "pro 1,5l | 1L = 1.00 CHF", "breadcrumb": "Sortiment > Sortiment > Tamaro Gassosa", "pdp_url": "https://sortiment.lidl.ch/de/tamaro-gassosa-5105116", "product_description": "Artikelnr.: 5105116 diverse Sorten"}
{"product_name": "Coca-Cola Zero", "brand": "coca-cola", "regular_price": 14.95, "selling_price": 7.45, "price_per_unit": "pro 2l | 1L = 3.73 CHF", "breadcrumb": "Sortiment > Sortiment > Coca-Cola Zero", "pdp_url": "https://sortiment.lidl.ch/de/coca-cola-zero-0001153", "product_description": "Artikelnr.: 1153"}
{"product_name": "Coca-Cola Original", "brand": "coca-cola", "regular_price": 14.95, "selling_price": 7.45, "price_per_unit": "pro 2l | 1L = 3.73 CHF", "breadcrumb": "Sortiment > Sortiment > Coca-Cola Original", "pdp_url": "https://sortiment.lidl.ch/de/coca-cola-original-0001151", "product_description": "Artikelnr.: 1151"}
{"product_name": "Lemon / Lemon Zero", "brand": "freeway", "regular_price": 0.59, "selling_price": 0.59, "price_per_unit": "pro 1,5l | 1L = 0.40 CHF", "breadcrumb": "Sortiment > Sortiment > Lemon / Lemon Zero", "pdp_url": "https://sortiment.lidl.ch/de/lemon-lemon-zero-0003500", "product_description": "Artikelnr.: 3500"}
{"product_name": "Orange / Orange Zero", "brand": "freeway", "regular_price": 0.59, "selling_price": 0.59, "price_per_unit": "pro 1,5l | 1L = 0.40 CHF", "breadcrumb": "Sortiment > Sortiment > Orange / Orange Zero", "pdp_url": "https://sortiment.lidl.ch/de/orange-orange-zero-0003501", "product_description": "Artikelnr.: 3501"}
{"product_name": "Rivella Blau", "brand": "rivella", "regular_price": 2.19, "selling_price": 2.19, "price_per_unit": "pro 1,25l | 1L = 1.76 CHF", "breadcrumb": "Sortiment > Sortiment > Rivella Blau", "pdp_url": "https://sortiment.lidl.ch/de/rivella-blau-5106128", "product_description": "Artikelnr.: 5106128"}
{"product_name": "Rivella Rot", "brand": "rivella", "regular_price": 2.19, "selling_price": 2.19, "price_per_unit": "pro 1,25l | 1L = 1.76 CHF", "breadcrumb": "Sortiment > Sortiment > Rivella Rot", "pdp_url": "https://sortiment.lidl.ch/de/rivella-rot-5106126", "product_description": "Artikelnr.: 5106126"}
{"product_name": "Tamaro Gassosa", "brand": "tamaro", "regular_price": 0.99, "selling_price": 0.99, "price_per_unit": "pro 0,5l | 1L = 1.98 CHF", "breadcrumb": "Sortiment > Sortiment > Tamaro Gassosa", "pdp_url": "https://sortiment.lidl.ch/de/tamaro-gassosa-5105121", "product_description": "Artikelnr.: 5105121"}
{"product_name": "Cola Zero", "brand": "freeway", "regular_price": 0.39, "selling_price": 0.39, "price_per_unit": "pro 0,33l | 1L = 1.19 CHF", "breadcrumb": "Sortiment > Sortiment > Cola Zero", "pdp_url": "https://sortiment.lidl.ch/de/cola-zero-0129820", "product_description": "Artikelnr.: 129820"}
{"product_name": "Orange", "brand": "freeway", "regular_price": 0.39, "selling_price": 0.39, "price_per_unit": "pro 0,33l | 1L = 1.19 CHF", "breadcrumb": "Sortiment > Sortiment > Orange", "pdp_url": "https://sortiment.lidl.ch/de/orange-0032094", "product_description": "Artikelnr.: 32094"}
{"product_name": "Cola", "brand": "freeway", "regular_price": 0.39, "selling_price": 0.39, "price_per_unit": "pro 0,33l | 1L = 1.19 CHF", "breadcrumb": "Sortiment > Sortiment > Cola", "pdp_url": "https://sortiment.lidl.ch/de/cola-0032092", "product_description": "Artikelnr.: 32092"}
{"product_name": "Lemon", "brand": "freeway", "regular_price": 0.39, "selling_price": 0.39, "price_per_unit": "pro 0,33l | 1L = 1.19 CHF", "breadcrumb": "Sortiment > Sortiment > Lemon", "pdp_url": "https://sortiment.lidl.ch/de/lemon-0032003", "product_description": "Artikelnr.: 32003"}
{"product_name": "Rivella Rot", "brand": "rivella", "regular_price": 9.29, "selling_price": 9.29, "price_per_unit": "pro 6x0,5l | 1L = 3.10 CHF", "breadcrumb": "Sortiment > Sortiment > Rivella Rot", "pdp_url": "https://sortiment.lidl.ch/de/rivella-rot-0003602", "product_description": "Artikelnr.: 3602"}
{"product_name": "Rivella Blau", "brand": "rivella", "regular_price": 9.29, "selling_price": 9.29, "price_per_unit": "pro 6x0,5l | 1L = 3.10 CHF", "breadcrumb": "Sortiment > Sortiment > Rivella Blau", "pdp_url": "https://sortiment.lidl.ch/de/rivella-blau-0003601", "product_description": "Artikelnr.: 3601"}
{"product_name": "Red Bull Energy Drink", "brand": "red_bull", "regular_price": 1.49, "selling_price": 1.49, "price_per_unit": "pro 0,25l | 1L = 5.96 CHF", "breadcrumb": "Sortiment > Sortiment > Red Bull Energy Drink", "pdp_url": "https://sortiment.lidl.ch/de/red-bull-energy-drink-0001821", "product_description": "Artikelnr.: 1821"}
{"product_name": "Coca-Cola Original", "brand": "coca-cola", "regular_price": 1.05, "selling_price": 1.05, "price_per_unit": "pro 0,33l | 1L = 3.19 CHF", "breadcrumb": "Sortiment > Sortiment > Coca-Cola Original", "pdp_url": "https://sortiment.lidl.ch/de/coca-cola-original-0001816", "product_description": "Artikelnr.: 1816"}
{"product_name": "Coca-Cola Zero", "brand": "coca-cola", "regular_price": 1.05, "selling_price": 1.05, "price_per_unit": "pro 0,33l | 1L = 3.19 CHF", "breadcrumb": "Sortiment > Sortiment > Coca-Cola Zero", "pdp_url": "https://sortiment.lidl.ch/de/coca-cola-zero-0001814", "product_description": "Artikelnr.: 1814"}
{"product_name": "Red Bull Energy Drink", "brand": "red_bull", "regular_price": 8.89, "selling_price": 8.89, "price_per_unit": "pro 6x0,25l | 1L = 5.93 CHF", "breadcrumb": "Sortiment > Sortiment > Red Bull Energy Drink", "pdp_url": "https://sortiment.lidl.ch/de/red-bull-energy-drink-0001568", "product_description": "Artikelnr.: 1568"}
{"product_name": "Apfelschorle", "brand": "freeway", "regular_price": 1.39, "selling_price": 1.39, "price_per_unit": "pro 1,5l | 1L = 0.93 CHF", "breadcrumb": "Sortiment > Sortiment > Apfelschorle", "pdp_url": "https://sortiment.lidl.ch/de/apfelschorle-0001289", "product_description": "Artikelnr.: 1289"}
{"product_name": "Apfelschorle", "brand": "freeway", "regular_price": 3.49, "selling_price": 3.49, "price_per_unit": "pro 6x0,5l | 1L = 1.17 CHF", "breadcrumb": "Sortiment > Sortiment > Apfelschorle", "pdp_url": "https://sortiment.lidl.ch/de/apfelschorle-0001288", "product_description": "Artikelnr.: 1288"}
{"product_name": "Cola Zero", "brand": "freeway", "regular_price": 0.59, "selling_price": 0.59, "price_per_unit": "pro 1,5l | 1L = 0.40 CHF", "breadcrumb": "Sortiment > Sortiment > Cola Zero", "pdp_url": "https://sortiment.lidl.ch/de/cola-zero-0000058", "product_description": "Artikelnr.: 58"}
{"product_name": "Cola", "brand": "freeway", "regular_price": 0.59, "selling_price": 0.59, "price_per_unit": "pro 1,5l | 1L = 0.40 CHF", "breadcrumb": "Sortiment > Sortiment > Cola", "pdp_url": "https://sortiment.lidl.ch/de/cola-0000022", "product_description": "Artikelnr.: 22"}
{"product_name": "San Clemente Mineralwasser", "brand": "san_clemente", "regular_price": 0.69, "selling_price": 0.69, "price_per_unit": "pro 1,5l | 1L = 0.46 CHF", "breadcrumb": "Sortiment > Sortiment > San Clemente Mineralwasser", "pdp_url": "https://sortiment.lidl.ch/de/san-clemente-mineralwasser-0006165", "product_description": "Artikelnr.: 6165"}
{"product_name": "San Clemente Mineralwasser", "brand": "san_clemente", "regular_price": 0.69, "selling_price": 0.69, "price_per_unit": "pro 1,5l | 1L = 0.46 CHF", "breadcrumb": "Sortiment > Sortiment > San Clemente Mineralwasser", "pdp_url": "https://sortiment.lidl.ch/de/san-clemente-mineralwasser-0006164", "product_description": "Artikelnr.: 6164"}
{"product_name": "Schweizer Mineralwasser", "brand": "saguaro", "regular_price": 0.65, "selling_price": 0.65, "price_per_unit": "pro 1,5l | 1L = 0.44 CHF", "breadcrumb": "Sortiment > Sortiment > Schweizer Mineralwasser", "pdp_url": "https://sortiment.lidl.ch/de/schweizer-mineralwasser-0002033", "product_description": "Artikelnr.: 2033"}
{"product_name": "Mineralwasser", "brand": "saskia", "regular_price": 0.3, "selling_price": 0.3, "price_per_unit": "pro 1,5l | 1L = 0.20 CHF", "breadcrumb": "Sortiment > Sortiment > Mineralwasser", "pdp_url": "https://sortiment.lidl.ch/de/mineralwasser-0000008", "product_description": "Artikelnr.: 8"}
{"product_name": "Mineralwasser", "brand": "saskia", "regular_price": 0.3, "selling_price": 0.3, "price_per_unit": "pro 1,5l | 1L = 0.20 CHF", "breadcrumb": "Sortiment > Sortiment > Mineralwasser", "pdp_url": "https://sortiment.lidl.ch/de/mineralwasser-0000002", "product_description": "Artikelnr.: 2"}
{"product_name": "Mineralwasser", "brand": "saskia", "regular_price": 0.3, "selling_price": 0.3, "price_per_unit": "pro 1,5l | 1L = 0.20 CHF", "breadcrumb": "Sortiment > Sortiment > Mineralwasser", "pdp_url": "https://sortiment.lidl.ch/de/mineralwasser-0000001", "product_description": "Artikelnr.: 1"}
{"product_name": "Tortilla Chips", "brand": "snack_day", "regular_price": 1.65, "selling_price": 1.65, "price_per_unit": "pro 300g | 100g = 0.55 CHF", "breadcrumb": "Sortiment > Sortiment > Tortilla Chips", "pdp_url": "https://sortiment.lidl.ch/de/tortilla-chips-0029058", "product_description": "Artikelnr.: 29058"}
{"product_name": "Kartoffelsticks Paprika / Salz", "brand": "snack_day", "regular_price": 2.49, "selling_price": 2.49, "price_per_unit": "pro 125g | 100g = 2.00 CHF", "breadcrumb": "Sortiment > Sortiment > Kartoffelsticks Paprika / Salz", "pdp_url": "https://sortiment.lidl.ch/de/kartoffelsticks-paprika-salz-0067918", "product_description": "Artikelnr.: 67918"}
{"product_name": "Teddy's Hit", "brand": "snack_day", "regular_price": 1.65, "selling_price": 1.65, "price_per_unit": "pro 100g, 125g | 100g = 1.65, 1.32 CHF", "breadcrumb": "Sortiment > Sortiment > Teddy's Hit", "pdp_url": "https://sortiment.lidl.ch/de/teddy-s-hit-0028358", "product_description": "Artikelnr.: 28358"}
{"product_name": "Bio Gemüsechips", "brand": "snack_day", "regular_price": 2.99, "selling_price": 2.99, "price_per_unit": "pro 100g |", "breadcrumb": "Sortiment > Sortiment > Bio Gemüsechips", "pdp_url": "https://sortiment.lidl.ch/de/bio-gemuesechips-0119726", "product_description": "Artikelnr.: 119726"}
{"product_name": "Vendo Pufuleti", "brand": "", "regular_price": 1.69, "selling_price": 1.69, "price_per_unit": "pro 85g | 100g = 1.99 CHF", "breadcrumb": "Sortiment > Sortiment > Vendo Pufuleti", "pdp_url": "https://sortiment.lidl.ch/de/vendo-pufuleti-5004562", "product_description": "Artikelnr.: 5004562"}
{"product_name": "Popcorn gesalzen", "brand": "snack_day", "regular_price": 0.95, "selling_price": 0.95, "price_per_unit": "pro 100g |", "breadcrumb": "Sortiment > Sortiment > Popcorn gesalzen", "pdp_url": "https://sortiment.lidl.ch/de/popcorn-gesalzen-0113873", "product_description": "Artikelnr.: 113873"}
{"product_name": "Mini Pizza Snack", "brand": "snack_day", "regular_price": 0.99, "selling_price": 0.99, "price_per_unit": "pro 85g | 100g = 1.17 CHF", "breadcrumb": "Sortiment > Sortiment > Mini Pizza Snack", "pdp_url": "https://sortiment.lidl.ch/de/mini-pizza-snack-0077335", "product_description": "Artikelnr.: 77335"}
{"product_name": "Salzbrezeln", "brand": "snack_day", "regular_price": 0.79, "selling_price": 0.79, "price_per_unit": "pro 250g | 100g = 0.32 CHF", "breadcrumb": "Sortiment > Sortiment > Salzbrezeln", "pdp_url": "https://sortiment.lidl.ch/de/salzbrezeln-0075027", "product_description": "Artikelnr.: 75027"}
{"product_name": "Chips Nature", "brand": "snack_day", "regular_price": 2.75, "selling_price": 2.75, "price_per_unit": "pro 280g | 100g = 0.99 CHF", "breadcrumb": "Sortiment > Sortiment > Chips Nature", "pdp_url": "https://sortiment.lidl.ch/de/chips-nature-0070297", "product_description": "Artikelnr.: 70297"}
{"product_name": "Chips Paprika", "brand": "snack_day", "regular_price": 2.84, "selling_price": 2.84, "price_per_unit": "pro 280g | 100g = 1.02 CHF", "breadcrumb": "Sortiment > Sortiment > Chips Paprika", "pdp_url": "https://sortiment.lidl.ch/de/chips-paprika-0070296", "product_description": "Artikelnr.: 70296"}
{"product_name": "Erdnussflips", "brand": "snack_day", "regular_price": 0.99, "selling_price": 0.99, "price_per_unit": "pro 200g | 100g = 0.50 CHF", "breadcrumb": "Sortiment > Sortiment > Erdnussflips", "pdp_url": "https://sortiment.lidl.ch/de/erdnussflips-0028359", "product_description": "Artikelnr.: 28359"}
{"product_name": "Tortilla Wraps", "brand": "snack_day", "regular_price": 1.55, "selling_price": 1.55, "price_per_unit": "pro 370g | 100g = 0.42 CHF", "breadcrumb": "Sortiment > Sortiment > Tortilla Wraps", "pdp_url": "https://sortiment.lidl.ch/de/tortilla-wraps-0022934", "product_description": "Artikelnr.: 22934"}
{"product_name": "Grissini Sottili", "brand": "snack_day", "regular_price": 1.79, "selling_price": 1.79, "price_per_unit": "pro 250g | 100g = 0.72 CHF", "breadcrumb": "Sortiment > Sortiment > Grissini Sottili", "pdp_url": "https://sortiment.lidl.ch/de/grissini-sottili-0022546", "product_description": "Artikelnr.: 22546"}
{"product_name": "Mikrowellen Popcorn", "brand": "snack_day", "regular_price": 1.35, "selling_price": 1.35, "price_per_unit": "pro 3x100g | 100g = 0.45 CHF", "breadcrumb": "Sortiment > Sortiment > Mikrowellen Popcorn", "pdp_url": "https://sortiment.lidl.ch/de/mikrowellen-popcorn-0012958", "product_description": "Artikelnr.: 12958"}
{"product_name": "Bio Vitalgebäck", "brand": "sondey", "regular_price": 2.69, "selling_price": 2.69, "price_per_unit": "pro 200g | 100g = 1.35 CHF", "breadcrumb": "Sortiment > Sortiment > Bio Vitalgebäck", "pdp_url": "https://sortiment.lidl.ch/de/bio-vitalgebaeck-0122343", "product_description": "Artikelnr.: 122343"}
{"product_name": "Cookies Grandino", "brand": "sondey", "regular_price": 1.95, "selling_price": 1.95, "price_per_unit": "pro 200g | 100g = 0.98 CHF", "breadcrumb": "Sortiment > Sortiment > Cookies Grandino", "pdp_url": "https://sortiment.lidl.ch/de/cookies-grandino-0094327", "product_description": "Artikelnr.: 94327"}
{"product_name": "Waffel-/ Gebäckmischung", "brand": "sondey", "regular_price": 1.99, "selling_price": 1.99, "price_per_unit": "pro 400g, 500g | 100g = 0.50, 0.40 CHF", "breadcrumb": "Sortiment > Sortiment > Waffel-/ Gebäckmischung", "pdp_url": "https://sortiment.lidl.ch/de/waffel-gebaeckmischung-0039284", "product_description": "Artikelnr.: 39284"}
{"product_name": "Barquette", "brand": "sondey", "regular_price": 1.99, "selling_price": 1.99, "price_per_unit": "pro 120g | 100g = 1.66 CHF", "breadcrumb": "Sortiment > Sortiment > Barquette", "pdp_url": "https://sortiment.lidl.ch/de/barquette-0025555", "product_description": "Artikelnr.: 25555"}
{"product_name": "Biscuits", "brand": "sondey", "regular_price": 1.99, "selling_price": 1.99, "price_per_unit": "pro 300g | 100g = 0.67 CHF", "breadcrumb": "Sortiment > Sortiment > Biscuits", "pdp_url": "https://sortiment.lidl.ch/de/biscuits-0018668", "product_description": "Artikelnr.: 18668"}
{"product_name": "Petit Beurre", "brand": "sondey", "regular_price": 1.75, "selling_price": 1.75, "price_per_unit": "pro 2x200g | 100g = 0.44 CHF", "breadcrumb": "Sortiment > Sortiment > Petit Beurre", "pdp_url": "https://sortiment.lidl.ch/de/petit-beurre-0012903", "product_description": "Artikelnr.: 12903"}
{"product_name": "Wernli Jura Waffel / Chocoly Original", "brand": "wernli", "regular_price": 3.69, "selling_price": 3.69, "price_per_unit": "pro 250g | 100g = 1.48 CHF", "breadcrumb": "Sortiment > Sortiment > Wernli Jura Waffel / Chocoly Original", "pdp_url": "https://sortiment.lidl.ch/de/wernli-jura-waffel-chocoly-original-5106083", "product_description": "Artikelnr.: 5106083"}
{"product_name": "Cuoricini, Delizie", "brand": "sondey", "regular_price": 2.49, "selling_price": 2.49, "price_per_unit": "pro 225g | 100g = 1.11 CHF", "breadcrumb": "Sortiment > Sortiment > Cuoricini, Delizie", "pdp_url": "https://sortiment.lidl.ch/de/cuoricini-delizie-0063524", "product_description": "Artikelnr.: 63524"}
{"product_name": "Ferrero Hanuta", "brand": "", "regular_price": 3.79, "selling_price": 3.79, "price_per_unit": "pro 220g | 100g = 1.73 CHF", "breadcrumb": "Sortiment > Sortiment > Ferrero Hanuta", "pdp_url": "https://sortiment.lidl.ch/de/ferrero-hanuta-0002675", "product_description": "Artikelnr.: 2675"}
{"product_name": "Sandwich Biscuits", "brand": "sondey", "regular_price": 1.69, "selling_price": 1.69, "price_per_unit": "pro 500g | 100g = 0.34 CHF", "breadcrumb": "Sortiment > Sortiment > Sandwich Biscuits", "pdp_url": "https://sortiment.lidl.ch/de/sandwich-biscuits-0012897", "product_description": "Artikelnr.: 12897"}
{"product_name": "Wernli Butterherzli / Choco Petit Beurre", "brand": "wernli", "regular_price": 3.69, "selling_price": 3.69, "price_per_unit": "pro 100g, 125g | 100g = 3.69, 2.96 CHF", "breadcrumb": "Sortiment > Sortiment > Wernli Butterherzli / Choco Petit Beurre", "pdp_url": "https://sortiment.lidl.ch/de/wernli-butterherzli-choco-petit-beurre-5103662", "product_description": "Artikelnr.: 5103662"}
{"product_name": "Löffelbiscuits", "brand": "sondey", "regular_price": 1.95, "selling_price": 1.95, "price_per_unit": "pro 400g | 100g = 0.49 CHF", "breadcrumb": "Sortiment > Sortiment > Löffelbiscuits", "pdp_url": "https://sortiment.lidl.ch/de/loeffelbiscuits-0026237", "product_description": "Artikelnr.: 26237"}
{"product_name": "Wiener Kringel", "brand": "sondey", "regular_price": 1.59, "selling_price": 1.59, "price_per_unit": "pro 400g | 100g = 0.40 CHF", "breadcrumb": "Sortiment > Sortiment > Wiener Kringel", "pdp_url": "https://sortiment.lidl.ch/de/wiener-kringel-0022661", "product_description": "Artikelnr.: 22661"}
{"product_name": "Cantuccini", "brand": "italiamo", "regular_price": 2.99, "selling_price": 2.99, "price_per_unit": "pro 300g | 100g = 1.00 CHF", "breadcrumb": "Sortiment > Sortiment > Cantuccini", "pdp_url": "https://sortiment.lidl.ch/de/cantuccini-0021969", "product_description": "Artikelnr.: 21969"}
{"product_name": "Milch-Haselnuss Schnitte", "brand": "sondey", "regular_price": 2.49, "selling_price": 2.49, "price_per_unit": "pro 250g | 100g = 1.00 CHF", "breadcrumb": "Sortiment > Sortiment > Milch-Haselnuss Schnitte", "pdp_url": "https://sortiment.lidl.ch/de/milch-haselnuss-schnitte-0013076", "product_description": "Artikelnr.: 13076"}
{"product_name": "Cookies", "brand": "sondey", "regular_price": 1.59, "selling_price": 1.59, "price_per_unit": "pro 225g | 100g = 0.71 CHF", "breadcrumb": "Sortiment > Sortiment > Cookies", "pdp_url": "https://sortiment.lidl.ch/de/cookies-0012895", "product_description": "Artikelnr.: 12895"}
{"product_name": "Pekannusskerne", "brand": "alesto", "regular_price": 4.39, "selling_price": 4.39, "price_per_unit": "pro 200g | 100g = 2.20 CHF", "breadcrumb": "Sortiment > Sortiment > Pekannusskerne", "pdp_url": "https://sortiment.lidl.ch/de/pekannusskerne-0012970", "product_description": "Artikelnr.: 12970"}
{"product_name": "Mandeln", "brand": "alesto", "regular_price": 2.25, "selling_price": 2.25, "price_per_unit": "pro 150g | 100g = 1.50 CHF", "breadcrumb": "Sortiment > Sortiment > Mandeln", "pdp_url": "https://sortiment.lidl.ch/de/mandeln-0130737", "product_description": "Artikelnr.: 130737"}
{"product_name": "Studentenfutter", "brand": "alesto", "regular_price": 1.49, "selling_price": 1.49, "price_per_unit": "pro 200g | 100g = 0.75 CHF", "breadcrumb": "Sortiment > Sortiment > Studentenfutter", "pdp_url": "https://sortiment.lidl.ch/de/studentenfutter-0029819", "product_description": "Artikelnr.: 29819"}
{"product_name": "Mandeln gemahlen blanchiert", "brand": "belbake", "regular_price": 3.79, "selling_price": 3.79, "price_per_unit": "pro 200g | 100g = 1.90 CHF", "breadcrumb": "Sortiment > Sortiment > Mandeln gemahlen blanchiert", "pdp_url": "https://sortiment.lidl.ch/de/mandeln-gemahlen-blanchiert-0028489", "product_description": "Artikelnr.: 28489"}
{"product_name": "Cruspies", "brand": "alesto", "regular_price": 1.19, "selling_price": 1.19, "price_per_unit": "pro 200g | 100g = 0.60 CHF", "breadcrumb": "Sortiment > Sortiment > Cruspies", "pdp_url": "https://sortiment.lidl.ch/de/cruspies-0022808", "product_description": "Artikelnr.: 22808"}
{"product_name": "Cranberry-Nuss-Mix Nuss-Frucht-Mix", "brand": "alesto", "regular_price": 2.99, "selling_price": 2.99, "price_per_unit": "pro 200g | 100g = 1.50 CHF", "breadcrumb": "Sortiment > Sortiment > Cranberry-Nuss-Mix Nuss-Frucht-Mix", "pdp_url": "https://sortiment.lidl.ch/de/cranberry-nuss-mix-nuss-frucht-mix-6602656", "product_description": "Artikelnr.: 6602656"}
{"product_name": "Roasties-Erdnuss-Mais-Mix", "brand": "alesto", "regular_price": 1.95, "selling_price": 1.95, "price_per_unit": "pro 150g | 100g = 1.30 CHF", "breadcrumb": "Sortiment > Sortiment > Roasties-Erdnuss-Mais-Mix", "pdp_url": "https://sortiment.lidl.ch/de/roasties-erdnuss-mais-mix-0131631", "product_description": "Artikelnr.: 131631"}
{"product_name": "Kalifornische Mandeln", "brand": "alesto", "regular_price": 2.95, "selling_price": 2.95, "price_per_unit": "pro 200g | 100g = 1.48 CHF", "breadcrumb": "Sortiment > Sortiment > Kalifornische Mandeln", "pdp_url": "https://sortiment.lidl.ch/de/kalifornische-mandeln-0123652", "product_description": "Artikelnr.: 123652"}
{"product_name": "Bio Apfelchips", "brand": "alesto", "regular_price": 2.69, "selling_price": 2.69, "price_per_unit": "pro 80g | 100g = 3.37 CHF", "breadcrumb": "Sortiment > Sortiment > Bio Apfelchips", "pdp_url": "https://sortiment.lidl.ch/de/bio-apfelchips-0119732", "product_description": "Artikelnr.: 119732"}
{"product_name": "Kürbiskerne", "brand": "alesto", "regular_price": 2.29, "selling_price": 2.29, "price_per_unit": "pro 200g | 100g = 1.15 CHF", "breadcrumb": "Sortiment > Sortiment > Kürbiskerne", "pdp_url": "https://sortiment.lidl.ch/de/kuerbiskerne-0117851", "product_description": "Artikelnr.: 117851"}
{"product_name": "Cashewkerne", "brand": "alesto", "regular_price": 2.25, "selling_price": 2.25, "price_per_unit": "pro 150g | 100g = 1.50 CHF", "breadcrumb": "Sortiment > Sortiment > Cashewkerne", "pdp_url": "https://sortiment.lidl.ch/de/cashewkerne-0077864", "product_description": "Artikelnr.: 77864"}
{"product_name": "Cashew-Erdnuss Mix", "brand": "alesto", "regular_price": 2.79, "selling_price": 2.79, "price_per_unit": "pro 200g | 100g = 1.40 CHF", "breadcrumb": "Sortiment > Sortiment > Cashew-Erdnuss Mix", "pdp_url": "https://sortiment.lidl.ch/de/cashew-erdnuss-mix-0065163", "product_description": "Artikelnr.: 65163"}
{"product_name": "Sultaninen", "brand": "belbake", "regular_price": 0.99, "selling_price": 0.99, "price_per_unit": "pro 250g | 100g = 0.40 CHF", "breadcrumb": "Sortiment > Sortiment > Sultaninen", "pdp_url": "https://sortiment.lidl.ch/de/sultaninen-0029814", "product_description": "Artikelnr.: 29814"}
{"product_name": "Erdnüsse", "brand": "alesto", "regular_price": 1.79, "selling_price": 1.79, "price_per_unit": "pro 500g | 100g = 0.36 CHF", "breadcrumb": "Sortiment > Sortiment > Erdnüsse", "pdp_url": "https://sortiment.lidl.ch/de/erdnuesse-0013261", "product_description": "Artikelnr.: 13261"}
{"product_name": "Cashewkerne", "brand": "", "regular_price": 3.39, "selling_price": 3.39, "price_per_unit": "pro 200g | 100g = 1.70 CHF", "breadcrumb": "Sortiment > Sortiment > Cashewkerne", "pdp_url": "https://sortiment.lidl.ch/de/cashewkerne-0012971", "product_description": "Artikelnr.: 12971"}
{"product_name": "Getrocknete Cranberries", "brand": "alesto", "regular_price": 2.49, "selling_price": 2.49, "price_per_unit": "pro 200g | 100g = 1.25 CHF", "breadcrumb": "Sortiment > Sortiment > Getrocknete Cranberries", "pdp_url": "https://sortiment.lidl.ch/de/getrocknete-cranberries-0012969", "product_description": "Artikelnr.: 12969"}
{"product_name": "Milchschokolade", "brand": "fin_carre", "regular_price": 1.29, "selling_price": 1.29, "price_per_unit": "pro 100g |", "breadcrumb": "Sortiment > Sortiment > Milchschokolade", "pdp_url": "https://sortiment.lidl.ch/de/milchschokolade-0027524", "product_description": "Artikelnr.: 27524"}
{"product_name": "Milka Schokoladentafeln", "brand": "milka", "regular_price": 1.99, "selling_price": 1.99, "price_per_unit": "pro 100g, 87g | 100g = 2.29, 1.99 CHF", "breadcrumb": "Sortiment > Sortiment > Milka Schokoladentafeln", "pdp_url": "https://sortiment.lidl.ch/de/milka-schokoladentafeln-0005206", "product_description": "Artikelnr.: 5206"}
{"product_name": "Cailler Tafelschokolade", "brand": "cailler", "regular_price": 4.69, "selling_price": 4.69, "price_per_unit": "pro 200g | 100g = 2.35 CHF", "breadcrumb": "Sortiment > Sortiment > Cailler Tafelschokolade", "pdp_url": "https://sortiment.lidl.ch/de/cailler-tafelschokolade-0003397", "product_description": "Artikelnr.: 3397"}
{"product_name": "Cailler Tafelschokolade", "brand": "cailler", "regular_price": 2.59, "selling_price": 2.59, "price_per_unit": "pro 100g |", "breadcrumb": "Sortiment > Sortiment > Cailler Tafelschokolade", "pdp_url": "https://sortiment.lidl.ch/de/cailler-tafelschokolade-0003396", "product_description": "Artikelnr.: 3396"}
{"product_name": "Cailler Tafelschokolade", "brand": "cailler", "regular_price": 2.59, "selling_price": 2.59, "price_per_unit": "pro 100g |", "breadcrumb": "Sortiment > Sortiment > Cailler Tafelschokolade", "pdp_url": "https://sortiment.lidl.ch/de/cailler-tafelschokolade-0003395", "product_description": "Artikelnr.: 3395"}
{"product_name": "Milka Schokoladentafeln", "brand": "milka", "regular_price": 4.99, "selling_price": 4.99, "price_per_unit": "pro 270g, 276g, 300g | 100g = 1.85, 1.81, 1.67 CHF", "breadcrumb": "Sortiment > Sortiment > Milka Schokoladentafeln", "pdp_url": "https://sortiment.lidl.ch/de/milka-schokoladentafeln-0005207", "product_description": "Artikelnr.: 5207"}
{"product_name": "Schokolade mit ganzen Haselnüssen", "brand": "fin_carre", "regular_price": 1.39, "selling_price": 1.39, "price_per_unit": "pro 100g |", "breadcrumb": "Sortiment > Sortiment > Schokolade mit ganzen Haselnüssen", "pdp_url": "https://sortiment.lidl.ch/de/schokolade-mit-ganzen-haselnuessen-0126770", "product_description": "Artikelnr.: 126770"}
{"product_name": "Milch Schokoladenstäbchen", "brand": "mister_choc", "regular_price": 0.99, "selling_price": 0.99, "price_per_unit": "pro 100g |", "breadcrumb": "Sortiment > Sortiment > Milch Schokoladenstäbchen", "pdp_url": "https://sortiment.lidl.ch/de/milch-schokoladenstaebchen-0130486", "product_description": "Artikelnr.: 130486"}
{"product_name": "Crusti Choc Tafel", "brand": "fin_carre", "regular_price": 0.99, "selling_price": 0.99, "price_per_unit": "pro 100g |", "breadcrumb": "Sortiment > Sortiment > Crusti Choc Tafel", "pdp_url": "https://sortiment.lidl.ch/de/crusti-choc-tafel-0095582", "product_description": "Artikelnr.: 95582"}
{"product_name": "Milchschokolade Traube-Nuss", "brand": "fin_carre", "regular_price": 0.99, "selling_price": 0.99, "price_per_unit": "pro 100g |", "breadcrumb": "Sortiment > Sortiment > Milchschokolade Traube-Nuss", "pdp_url": "https://sortiment.lidl.ch/de/milchschokolade-traube-nuss-0088282", "product_description": "Artikelnr.: 88282"}
{"product_name": "Milchschokolade", "brand": "fin_carre", "regular_price": 0.69, "selling_price": 0.69, "price_per_unit": "pro 100g |", "breadcrumb": "Sortiment > Sortiment > Milchschokolade", "pdp_url": "https://sortiment.lidl.ch/de/milchschokolade-0021238", "product_description": "Artikelnr.: 21238"}
{"product_name": "Milchschokolade", "brand": "fin_carre", "regular_price": 0.89, "selling_price": 0.89, "price_per_unit": "pro 100g |", "breadcrumb": "Sortiment > Sortiment > Milchschokolade", "pdp_url": "https://sortiment.lidl.ch/de/milchschokolade-0021237", "product_description": "Artikelnr.: 21237"}
{"product_name": "Dunkle Schokolade", "brand": "fin_carre", "regular_price": 0.89, "selling_price": 0.89, "price_per_unit": "pro 100g |", "breadcrumb": "Sortiment > Sortiment > Dunkle Schokolade", "pdp_url": "https://sortiment.lidl.ch/de/dunkle-schokolade-0021236", "product_description": "Artikelnr.: 21236"}
{"product_name": "Kochschokolade", "brand": "fin_carre", "regular_price": 1.45, "selling_price": 1.45, "price_per_unit": "pro 200g | 100g = 0.73 CHF", "breadcrumb": "Sortiment > Sortiment > Kochschokolade", "pdp_url": "https://sortiment.lidl.ch/de/kochschokolade-0019599", "product_description": "Artikelnr.: 19599"}
{"product_name": "Weisse Schokolade", "brand": "fin_carre", "regular_price": 0.89, "selling_price": 0.89, "price_per_unit": "pro 100g |", "breadcrumb": "Sortiment > Sortiment > Weisse Schokolade", "pdp_url": "https://sortiment.lidl.ch/de/weisse-schokolade-0019545", "product_description": "Artikelnr.: 19545"}
{"product_name": "Kaugummistreifen", "brand": "jetgum", "regular_price": 1.19, "selling_price": 1.19, "price_per_unit": "pro 12 Stück | 1 Stk = 0.10 CHF", "breadcrumb": "Sortiment > Sortiment > Kaugummistreifen", "pdp_url": "https://sortiment.lidl.ch/de/kaugummistreifen-0077221", "product_description": "Artikelnr.: 77221"}
{"product_name": "Kaugummi Liquids zuckerfrei", "brand": "jetgum", "regular_price": 2.99, "selling_price": 2.99, "price_per_unit": "pro 98g | 100g = 3.06 CHF", "breadcrumb": "Sortiment > Sortiment > Kaugummi Liquids zuckerfrei", "pdp_url": "https://sortiment.lidl.ch/de/kaugummi-liquids-zuckerfrei-0077233", "product_description": "Artikelnr.: 77233"}
{"product_name": "Hubba Bubba Bubble Kaugummi", "brand": "hubba_bubba", "regular_price": 2.89, "selling_price": 2.89, "price_per_unit": "pro 56g | 100g = 5.17 CHF", "breadcrumb": "Sortiment > Sortiment > Hubba Bubba Bubble Kaugummi", "pdp_url": "https://sortiment.lidl.ch/de/hubba-bubba-bubble-kaugummi-0001644", "product_description": "Artikelnr.: 1644"}
{"product_name": "Ferrero Giotto", "brand": "", "regular_price": 4.59, "selling_price": 4.59, "price_per_unit": "pro 4x38,7g | 100g = 2.99, 57.38 CHF", "breadcrumb": "Sortiment > Sortiment > Ferrero Giotto", "pdp_url": "https://sortiment.lidl.ch/de/ferrero-giotto-0001189", "product_description": "Artikelnr.: 1189"}
{"product_name": "Ferrero Raffaello", "brand": "", "regular_price": 5.19, "selling_price": 5.19, "price_per_unit": "pro 230g | 100g = 2.26 CHF", "breadcrumb": "Sortiment > Sortiment > Ferrero Raffaello", "pdp_url": "https://sortiment.lidl.ch/de/ferrero-raffaello-0002485", "product_description": "Artikelnr.: 2485"}
{"product_name": "Storck Merci Finest Selection", "brand": "storck", "regular_price": 4.49, "selling_price": 4.49, "price_per_unit": "pro 250g | 100g = 1.80 CHF", "breadcrumb": "Sortiment > Sortiment > Storck Merci Finest Selection", "pdp_url": "https://sortiment.lidl.ch/de/storck-merci-finest-selection-5105952", "product_description": "Artikelnr.: 5105952"}
{"product_name": "Storck Toffifee", "brand": "storck", "regular_price": 1.99, "selling_price": 1.99, "price_per_unit": "pro 125g | 100g = 1.60 CHF", "breadcrumb": "Sortiment > Sortiment > Storck Toffifee", "pdp_url": "https://sortiment.lidl.ch/de/storck-toffifee-5106354", "product_description": "Artikelnr.: 5106354"}
{"product_name": "Likör Kirschpralinen", "brand": "", "regular_price": 2.99, "selling_price": 2.99, "price_per_unit": "pro 165g | 100g = 1.82 CHF", "breadcrumb": "Sortiment > Sortiment > Likör Kirschpralinen", "pdp_url": "https://sortiment.lidl.ch/de/likoer-kirschpralinen-0118851", "product_description": "Artikelnr.: 118851"}
{"product_name": "Schokoriegel", "brand": "mister_choc", "regular_price": 1.79, "selling_price": 1.79, "price_per_unit": "pro 270g, 290g, 300g | 100g = 0.67, 0.62, 0.60 CHF", "breadcrumb": "Sortiment > Sortiment > Schokoriegel", "pdp_url": "https://sortiment.lidl.ch/de/schokoriegel-0143861", "product_description": "Artikelnr.: 143861"}
{"product_name": "Müesli Riegel", "brand": "crownfield", "regular_price": 1.89, "selling_price": 1.89, "price_per_unit": "pro 200g | 100g = 0.95 CHF", "breadcrumb": "Sortiment > Sortiment > Müesli Riegel", "pdp_url": "https://sortiment.lidl.ch/de/mueesli-riegel-0019902", "product_description": "Artikelnr.: 19902"}
{"product_name": "Balisto Riegel", "brand": "balisto", "regular_price": 2.95, "selling_price": 2.95, "price_per_unit": "pro 166,5g | 100g = 1.78, 59.00 CHF", "breadcrumb": "Sortiment > Sortiment > Balisto Riegel", "pdp_url": "https://sortiment.lidl.ch/de/balisto-riegel-0003509", "product_description": "Artikelnr.: 3509"}
{"product_name": "Cailler Branches", "brand": "cailler", "regular_price": 3.49, "selling_price": 3.49, "price_per_unit": "pro 5x23g | 100g = 3.04 CHF", "breadcrumb": "Sortiment > Sortiment > Cailler Branches", "pdp_url": "https://sortiment.lidl.ch/de/cailler-branches-0003053", "product_description": "Artikelnr.: 3053"}
{"product_name": "Mars Schokoriegel Minis", "brand": "mars", "regular_price": 3.89, "selling_price": 3.89, "price_per_unit": "pro 275g | 100g = 1.42 CHF", "breadcrumb": "Sortiment > Sortiment > Mars Schokoriegel Minis", "pdp_url": "https://sortiment.lidl.ch/de/mars-schokoriegel-minis-0002951", "product_description": "Artikelnr.: 2951"}
{"product_name": "Ferrero Kinder Country", "brand": "", "regular_price": 3.69, "selling_price": 3.69, "price_per_unit": "pro 9x23,5g | 100g = 1.75, 73.80 CHF", "breadcrumb": "Sortiment > Sortiment > Ferrero Kinder Country", "pdp_url": "https://sortiment.lidl.ch/de/ferrero-kinder-country-0001179", "product_description": "Artikelnr.: 1179"}
{"product_name": "Ferrero Kinder Bueno", "brand": "", "regular_price": 2.69, "selling_price": 2.69, "price_per_unit": "pro 129g | 100g = 2.09 CHF", "breadcrumb": "Sortiment > Sortiment > Ferrero Kinder Bueno", "pdp_url": "https://sortiment.lidl.ch/de/ferrero-kinder-bueno-0001178", "product_description": "Artikelnr.: 1178"}
{"product_name": "Ferrero Kinder Bueno", "brand": "", "regular_price": 1.39, "selling_price": 1.39, "price_per_unit": "pro 43g | 100g = 3.24 CHF", "breadcrumb": "Sortiment > Sortiment > Ferrero Kinder Bueno", "pdp_url": "https://sortiment.lidl.ch/de/ferrero-kinder-bueno-7703540", "product_description": "Artikelnr.: 7703540"}
{"product_name": "Twix Xtra", "brand": "", "regular_price": 1.49, "selling_price": 1.49, "price_per_unit": "pro 75g | 100g = 1.99 CHF", "breadcrumb": "Sortiment > Sortiment > Twix Xtra", "pdp_url": "https://sortiment.lidl.ch/de/twix-xtra-0003222", "product_description": "Artikelnr.: 3222"}
{"product_name": "Snickers", "brand": "", "regular_price": 1.49, "selling_price": 1.49, "price_per_unit": "pro 80g | 100g = 1.87 CHF", "breadcrumb": "Sortiment > Sortiment > Snickers", "pdp_url": "https://sortiment.lidl.ch/de/snickers-0002747", "product_description": "Artikelnr.: 2747"}
{"product_name": "Bounty", "brand": "", "regular_price": 1.29, "selling_price": 1.29, "price_per_unit": "pro 57g | 100g = 2.27 CHF", "breadcrumb": "Sortiment > Sortiment > Bounty", "pdp_url": "https://sortiment.lidl.ch/de/bounty-0002743", "product_description": "Artikelnr.: 2743"}
{"product_name": "Party Mix Mini Beutel", "brand": "sugarland", "regular_price": 2.79, "selling_price": 2.79, "price_per_unit": "pro 425g | 100g = 0.66 CHF", "breadcrumb": "Sortiment > Sortiment > Party Mix Mini Beutel", "pdp_url": "https://sortiment.lidl.ch/de/party-mix-mini-beutel-0134953", "product_description": "Artikelnr.: 134953"}
{"product_name": "Trolli Gummibonbons", "brand": "trolli", "regular_price": 5.99, "selling_price": 5.99, "price_per_unit": "pro 1000g |", "breadcrumb": "Sortiment > Sortiment > Trolli Gummibonbons", "pdp_url": "https://sortiment.lidl.ch/de/trolli-gummibonbons-0023099", "product_description": "Artikelnr.: 23099"}
{"product_name": "Haribo Tropi Frutti", "brand": "haribo", "regular_price": 0.99, "selling_price": 0.99, "price_per_unit": "pro 75g | 100g = 1.32 CHF", "breadcrumb": "Sortiment > Sortiment > Haribo Tropi Frutti", "pdp_url": "https://sortiment.lidl.ch/de/haribo-tropi-frutti-0003439", "product_description": "Artikelnr.: 3439"}
{"product_name": "Haribo Goldbären", "brand": "haribo", "regular_price": 0.99, "selling_price": 0.99, "price_per_unit": "pro 75g | 100g = 1.32 CHF", "breadcrumb": "Sortiment > Sortiment > Haribo Goldbären", "pdp_url": "https://sortiment.lidl.ch/de/haribo-goldbaeren-0003438", "product_description": "Artikelnr.: 3438"}
{"product_name": "Haribo Goldbären", "brand": "haribo", "regular_price": 2.35, "selling_price": 2.35, "price_per_unit": "pro 350g | 100g = 0.68 CHF", "breadcrumb": "Sortiment > Sortiment > Haribo Goldbären", "pdp_url": "https://sortiment.lidl.ch/de/haribo-goldbaeren-0002724", "product_description": "Artikelnr.: 2724"}
{"product_name": "Haribo Mega Roulette", "brand": "haribo", "regular_price": 0.89, "selling_price": 0.89, "price_per_unit": "pro 45g | 100g = 1.98 CHF", "breadcrumb": "Sortiment > Sortiment > Haribo Mega Roulette", "pdp_url": "https://sortiment.lidl.ch/de/haribo-mega-roulette-0002676", "product_description": "Artikelnr.: 2676"}
{"product_name": "Ferrero Kinder Schoko-Bons", "brand": "", "regular_price": 3.95, "selling_price": 3.95, "price_per_unit": "pro 200g | 100g = 1.98 CHF", "breadcrumb": "Sortiment > Sortiment > Ferrero Kinder Schoko-Bons", "pdp_url": "https://sortiment.lidl.ch/de/ferrero-kinder-schoko-bons-0002842", "product_description": "Artikelnr.: 2842"}
{"product_name": "Choco Bananas", "brand": "mister_choc", "regular_price": 2.99, "selling_price": 2.99, "price_per_unit": "pro 300g | 100g = 1.00 CHF", "breadcrumb": "Sortiment > Sortiment > Choco Bananas", "pdp_url": "https://sortiment.lidl.ch/de/choco-bananas-0013056", "product_description": "Artikelnr.: 13056"}
{"product_name": "Big Hit dragierte Erdnüsse", "brand": "mister_choc", "regular_price": 1.99, "selling_price": 1.99, "price_per_unit": "pro 250g | 100g = 0.80 CHF", "breadcrumb": "Sortiment > Sortiment > Big Hit dragierte Erdnüsse", "pdp_url": "https://sortiment.lidl.ch/de/big-hit-dragierte-erdnuesse-0132367", "product_description": "Artikelnr.: 132367"}
{"product_name": "Toffee & Nuts", "brand": "mister_choc", "regular_price": 1.59, "selling_price": 1.59, "price_per_unit": "pro 125g | 100g = 1.28 CHF", "breadcrumb": "Sortiment > Sortiment > Toffee & Nuts", "pdp_url": "https://sortiment.lidl.ch/de/toffee-nuts-7404099", "product_description": "Artikelnr.: 7404099"}
{"product_name": "Munz Schoko-Bananen", "brand": "munz", "regular_price": 1.19, "selling_price": 1.19, "price_per_unit": "pro 19g | 100g = 6.27 CHF", "breadcrumb": "Sortiment > Sortiment > Munz Schoko-Bananen", "pdp_url": "https://sortiment.lidl.ch/de/munz-schoko-bananen-5103065", "product_description": "Artikelnr.: 5103065"}
{"product_name": "Überraschungs Ei", "brand": "mister_choc", "regular_price": 0.99, "selling_price": 0.99, "price_per_unit": "pro 20g | 100g = 4.95 CHF", "breadcrumb": "Sortiment > Sortiment > Überraschungs Ei", "pdp_url": "https://sortiment.lidl.ch/de/ueberraschungs-ei-0129437", "product_description": "Artikelnr.: 129437"}
{"product_name": "Maltesers", "brand": "", "regular_price": 1.29, "selling_price": 1.29, "price_per_unit": "pro 37g | 100g = 3.49 CHF", "breadcrumb": "Sortiment > Sortiment > Maltesers", "pdp_url": "https://sortiment.lidl.ch/de/maltesers-0002745", "product_description": "Artikelnr.: 2745"}
{"product_name": "M&M's Peanut", "brand": "", "regular_price": 1.25, "selling_price": 1.25, "price_per_unit": "pro 45g | 100g = 2.78 CHF", "breadcrumb": "Sortiment > Sortiment > M&M's Peanut", "pdp_url": "https://sortiment.lidl.ch/de/m-m-s-peanut-0002744", "product_description": "Artikelnr.: 2744"}
{"product_name": "Kräuterbonbons ohne Zucker", "brand": "riniel", "regular_price": 0.99, "selling_price": 0.99, "price_per_unit": "pro 125g | 100g = 0.80 CHF", "breadcrumb": "Sortiment > Sortiment > Kräuterbonbons ohne Zucker", "pdp_url": "https://sortiment.lidl.ch/de/kraeuterbonbons-ohne-zucker-0121723", "product_description": "Artikelnr.: 121723"}
{"product_name": "Ricola Bonbons ohne Zucker", "brand": "ricola", "regular_price": 3.19, "selling_price": 3.19, "price_per_unit": "pro 50g | 100g = 6.38 CHF", "breadcrumb": "Sortiment > Sortiment > Ricola Bonbons ohne Zucker", "pdp_url": "https://sortiment.lidl.ch/de/ricola-bonbons-ohne-zucker-0002512", "product_description": "Artikelnr.: 2512"}
{"product_name": "Ricola Bonbons ohne Zucker", "brand": "ricola", "regular_price": 4.55, "selling_price": 4.55, "price_per_unit": "pro 125g | 100g = 3.64 CHF", "breadcrumb": "Sortiment > Sortiment > Ricola Bonbons ohne Zucker", "pdp_url": "https://sortiment.lidl.ch/de/ricola-bonbons-ohne-zucker-0002511", "product_description": "Artikelnr.: 2511"}
{"product_name": "Mallow Cocktail", "brand": "sweet_corner", "regular_price": 1.99, "selling_price": 1.99, "price_per_unit": "pro 300g | 100g = 0.67 CHF", "breadcrumb": "Sortiment > Sortiment > Mallow Cocktail", "pdp_url": "https://sortiment.lidl.ch/de/mallow-cocktail-7400179", "product_description": "Artikelnr.: 7400179"}
{"product_name": "Fruchtkaubonbon Mix", "brand": "sweet_corner", "regular_price": 2.99, "selling_price": 2.99, "price_per_unit": "pro 400g | 100g = 0.92, 0.75 CHF", "breadcrumb": "Sortiment > Sortiment > Fruchtkaubonbon Mix", "pdp_url": "https://sortiment.lidl.ch/de/fruchtkaubonbon-mix-0146114", "product_description": "Artikelnr.: 146114"}
{"product_name": "Rahm-Karamell-Bonbons", "brand": "sweet_corner", "regular_price": 1.79, "selling_price": 1.79, "price_per_unit": "pro 200g | 100g = 0.90 CHF", "breadcrumb": "Sortiment > Sortiment > Rahm-Karamell-Bonbons", "pdp_url": "https://sortiment.lidl.ch/de/rahm-karamell-bonbons-0057680", "product_description": "Artikelnr.: 57680"}
{"product_name": "Fruchtkaubonbons", "brand": "sweet_corner", "regular_price": 2.99, "selling_price": 2.99, "price_per_unit": "pro 500g | 100g = 0.60 CHF", "breadcrumb": "Sortiment > Sortiment > Fruchtkaubonbons", "pdp_url": "https://sortiment.lidl.ch/de/fruchtkaubonbons-0038430", "product_description": "Artikelnr.: 38430"}
{"product_name": "Sahne-Toffee", "brand": "sweet_corner", "regular_price": 2.95, "selling_price": 2.95, "price_per_unit": "pro 400g | 100g = 0.74 CHF", "breadcrumb": "Sortiment > Sortiment > Sahne-Toffee", "pdp_url": "https://sortiment.lidl.ch/de/sahne-toffee-0024524", "product_description": "Artikelnr.: 24524"}
{"product_name": "PEZ Spender", "brand": "pez", "regular_price": 2.69, "selling_price": 2.69, "price_per_unit": "pro 81g | 100g = 3.33 CHF", "breadcrumb": "Sortiment > Sortiment > PEZ Spender", "pdp_url": "https://sortiment.lidl.ch/de/pez-spender-0002734", "product_description": "Artikelnr.: 2734"}
{"product_name": "Fertigkuchen-Backmischung", "brand": "belbake", "regular_price": 1.69, "selling_price": 1.69, "price_per_unit": "pro 360g, 405g, 475g, 485g | 100g = 0.47 bis 0.35", "breadcrumb": "Sortiment > Sortiment > Fertigkuchen-Backmischung", "pdp_url": "https://sortiment.lidl.ch/de/fertigkuchen-backmischung-0021806", "product_description": "Artikelnr.: 21806"}
{"product_name": "Vanillin-Zucker", "brand": "belbake", "regular_price": 0.49, "selling_price": 0.49, "price_per_unit": "pro 80g | 100g = 0.62 CHF", "breadcrumb": "Sortiment > Sortiment > Vanillin-Zucker", "pdp_url": "https://sortiment.lidl.ch/de/vanillin-zucker-0021818", "product_description": "Artikelnr.: 21818"}
{"product_name": "Zwicky Hartweizengriess / Maisgriess", "brand": "zwicky", "regular_price": 1.95, "selling_price": 1.95, "price_per_unit": "pro 500g | 100g = 0.39 CHF", "breadcrumb": "Sortiment > Sortiment > Zwicky Hartweizengriess / Maisgriess", "pdp_url": "https://sortiment.lidl.ch/de/zwicky-hartweizengriess-maisgriess-5107593", "product_description": "Artikelnr.: 5107593"}
{"product_name": "Süssstoff-Tabletten", "brand": "belbake", "regular_price": 1.99, "selling_price": 1.99, "price_per_unit": "pro 72g | 100g = 2.77 CHF", "breadcrumb": "Sortiment > Sortiment > Süssstoff-Tabletten", "pdp_url": "https://sortiment.lidl.ch/de/suessstoff-tabletten-0139500", "product_description": "Artikelnr.: 139500"}
{"product_name": "Trockenhefe", "brand": "belbake", "regular_price": 0.85, "selling_price": 0.85, "price_per_unit": "pro 42g | 100g = 2.03 CHF", "breadcrumb": "Sortiment > Sortiment > Trockenhefe", "pdp_url": "https://sortiment.lidl.ch/de/trockenhefe-0070432", "product_description": "Artikelnr.: 70432"}
{"product_name": "Backpulver", "brand": "belbake", "regular_price": 0.49, "selling_price": 0.49, "price_per_unit": "pro 150g | 100g = 0.33 CHF", "breadcrumb": "Sortiment > Sortiment > Backpulver", "pdp_url": "https://sortiment.lidl.ch/de/backpulver-0021817", "product_description": "Artikelnr.: 21817"}
{"product_name": "Maizena Maisstärke", "brand": "maizena", "regular_price": 2.19, "selling_price": 2.19, "price_per_unit": "pro 250g | 100g = 0.88 CHF", "breadcrumb": "Sortiment > Sortiment > Maizena Maisstärke", "pdp_url": "https://sortiment.lidl.ch/de/maizena-maisstaerke-0001469", "product_description": "Artikelnr.: 1469"}
{"product_name": "Feinkristallzucker", "brand": "", "regular_price": 1.59, "selling_price": 1.59, "price_per_unit": "pro 1kg |", "breadcrumb": "Sortiment > Sortiment > Feinkristallzucker", "pdp_url": "https://sortiment.lidl.ch/de/feinkristallzucker-0001269", "product_description": "Artikelnr.: 1269"}
{"product_name": "Terra Natura Weissmehl", "brand": "belbake", "regular_price": 1.69, "selling_price": 1.69, "price_per_unit": "pro 1kg |", "breadcrumb": "Sortiment > Sortiment > Terra Natura Weissmehl", "pdp_url": "https://sortiment.lidl.ch/de/terra-natura-weissmehl-5103068", "product_description": "Artikelnr.: 5103068"}
{"product_name": "Terra Natura Ruchmehl", "brand": "belbake", "regular_price": 2.19, "selling_price": 2.19, "price_per_unit": "pro 100g |", "breadcrumb": "Sortiment > Sortiment > Terra Natura Ruchmehl", "pdp_url": "https://sortiment.lidl.ch/de/terra-natura-ruchmehl-0001342", "product_description": "Artikelnr.: 1342"}
{"product_name": "Terra Natura Zopfmehl", "brand": "belbake", "regular_price": 1.99, "selling_price": 1.99, "price_per_unit": "pro 1kg |", "breadcrumb": "Sortiment > Sortiment > Terra Natura Zopfmehl", "pdp_url": "https://sortiment.lidl.ch/de/terra-natura-zopfmehl-0001341", "product_description": "Artikelnr.: 1341"}
{"product_name": "Weissmehl revitaminisiert", "brand": "belbake", "regular_price": 1.29, "selling_price": 1.29, "price_per_unit": "pro 1kg |", "breadcrumb": "Sortiment > Sortiment > Weissmehl revitaminisiert", "pdp_url": "https://sortiment.lidl.ch/de/weissmehl-revitaminisiert-0001340", "product_description": "Artikelnr.: 1340"}
{"product_name": "Weissmehl", "brand": "belbake", "regular_price": 0.99, "selling_price": 0.99, "price_per_unit": "pro 1kg |", "breadcrumb": "Sortiment > Sortiment > Weissmehl", "pdp_url": "https://sortiment.lidl.ch/de/weissmehl-0001339", "product_description": "Artikelnr.: 1339"}
{"product_name": "Puderzucker", "brand": "", "regular_price": 1.55, "selling_price": 1.55, "price_per_unit": "pro 500g | 100g = 0.31 CHF", "breadcrumb": "Sortiment > Sortiment > Puderzucker", "pdp_url": "https://sortiment.lidl.ch/de/puderzucker-0001271", "product_description": "Artikelnr.: 1271"}
{"product_name": "Würfelzucker", "brand": "", "regular_price": 2.29, "selling_price": 2.29, "price_per_unit": "pro 1kg |", "breadcrumb": "Sortiment > Sortiment > Würfelzucker", "pdp_url": "https://sortiment.lidl.ch/de/wuerfelzucker-0001270", "product_description": "Artikelnr.: 1270"}
{"product_name": "JuraSel Salz", "brand": "jurasel", "regular_price": 1.05, "selling_price": 1.05, "price_per_unit": "pro 1kg |", "breadcrumb": "Sortiment > Sortiment > JuraSel Salz", "pdp_url": "https://sortiment.lidl.ch/de/jurasel-salz-0001037", "product_description": "Artikelnr.: 1037"}
{"product_name": "Bio Nudeln", "brand": "combino", "regular_price": 1.19, "selling_price": 1.19, "price_per_unit": "pro 500g | 100g = 0.24 CHF", "breadcrumb": "Sortiment > Sortiment > Bio Nudeln", "pdp_url": "https://sortiment.lidl.ch/de/bio-nudeln-0063265", "product_description": "Artikelnr.: 63265"}
{"product_name": "Teigwaren glutenfrei", "brand": "free_from", "regular_price": 1.89, "selling_price": 1.89, "price_per_unit": "pro 500g | 100g = 0.38 CHF", "breadcrumb": "Sortiment > Sortiment > Teigwaren glutenfrei", "pdp_url": "https://sortiment.lidl.ch/de/teigwaren-glutenfrei-7701123", "product_description": "Artikelnr.: 7701123"}
{"product_name": "Bio Spaghetti", "brand": "combino", "regular_price": 1.19, "selling_price": 1.19, "price_per_unit": "pro 500g | 100g = 0.24 CHF", "breadcrumb": "Sortiment > Sortiment > Bio Spaghetti", "pdp_url": "https://sortiment.lidl.ch/de/bio-spaghetti-0127393", "product_description": "Artikelnr.: 127393"}
{"product_name": "Bschüssig Teigwaren", "brand": "bschussig", "regular_price": 3.45, "selling_price": 3.45, "price_per_unit": "pro 500g | 100g = 0.69 CHF", "breadcrumb": "Sortiment > Sortiment > Bschüssig Teigwaren", "pdp_url": "https://sortiment.lidl.ch/de/bschuessig-teigwaren-5104312", "product_description": "Artikelnr.: 5104312"}
{"product_name": "Hörnli", "brand": "combino", "regular_price": 1.39, "selling_price": 1.39, "price_per_unit": "pro 1kg |", "breadcrumb": "Sortiment > Sortiment > Hörnli", "pdp_url": "https://sortiment.lidl.ch/de/hoernli-0142042", "product_description": "Artikelnr.: 142042"}
{"product_name": "Bio Kinderpasta", "brand": "combino", "regular_price": 1.49, "selling_price": 1.49, "price_per_unit": "pro 500g | 100g = 0.30 CHF", "breadcrumb": "Sortiment > Sortiment > Bio Kinderpasta", "pdp_url": "https://sortiment.lidl.ch/de/bio-kinderpasta-0120259", "product_description": "Artikelnr.: 120259"}
{"product_name": "Tagliatelle", "brand": "combino", "regular_price": 1.39, "selling_price": 1.39, "price_per_unit": "pro 500g | 100g = 0.28 CHF", "breadcrumb": "Sortiment > Sortiment > Tagliatelle", "pdp_url": "https://sortiment.lidl.ch/de/tagliatelle-0037270", "product_description": "Artikelnr.: 37270"}
{"product_name": "Penne Rigate", "brand": "combino", "regular_price": 1.39, "selling_price": 1.39, "price_per_unit": "pro 1kg |", "breadcrumb": "Sortiment > Sortiment > Penne Rigate", "pdp_url": "https://sortiment.lidl.ch/de/penne-rigate-0027328", "product_description": "Artikelnr.: 27328"}
{"product_name": "Fusilli", "brand": "combino", "regular_price": 1.39, "selling_price": 1.39, "price_per_unit": "pro 1kg |", "breadcrumb": "Sortiment > Sortiment > Fusilli", "pdp_url": "https://sortiment.lidl.ch/de/fusilli-0027326", "product_description": "Artikelnr.: 27326"}
{"product_name": "Spaghetti", "brand": "combino", "regular_price": 1.39, "selling_price": 1.39, "price_per_unit": "pro 1kg |", "breadcrumb": "Sortiment > Sortiment > Spaghetti", "pdp_url": "https://sortiment.lidl.ch/de/spaghetti-0027325", "product_description": "Artikelnr.: 27325"}
{"product_name": "Farfalle", "brand": "combino", "regular_price": 1.25, "selling_price": 1.25, "price_per_unit": "pro 500g | 100g = 0.25 CHF", "breadcrumb": "Sortiment > Sortiment > Farfalle", "pdp_url": "https://sortiment.lidl.ch/de/farfalle-0019104", "product_description": "Artikelnr.: 19104"}
{"product_name": "Barilla Spaghettoni No. 7", "brand": "barilla", "regular_price": 3.39, "selling_price": 2.49, "price_per_unit": "pro 1kg |", "breadcrumb": "Sortiment > Sortiment > Barilla Spaghettoni No. 7", "pdp_url": "https://sortiment.lidl.ch/de/barilla-spaghettoni-no-7-0003356", "product_description": "Artikelnr.: 3356"}
{"product_name": "Barilla Fusilli No. 98", "brand": "barilla", "regular_price": 3.39, "selling_price": 2.49, "price_per_unit": "pro 1kg |", "breadcrumb": "Sortiment > Sortiment > Barilla Fusilli No. 98", "pdp_url": "https://sortiment.lidl.ch/de/barilla-fusilli-no-98-0001067", "product_description": "Artikelnr.: 1067"}
{"product_name": "Barilla Penne Rigate No. 73", "brand": "barilla", "regular_price": 3.39, "selling_price": 2.49, "price_per_unit": "pro 1kg |", "breadcrumb": "Sortiment > Sortiment > Barilla Penne Rigate No. 73", "pdp_url": "https://sortiment.lidl.ch/de/barilla-penne-rigate-no-73-0001066", "product_description": "Artikelnr.: 1066"}
{"product_name": "Barilla Spaghetti No. 5", "brand": "barilla", "regular_price": 3.39, "selling_price": 2.49, "price_per_unit": "pro 1kg |", "breadcrumb": "Sortiment > Sortiment > Barilla Spaghetti No. 5", "pdp_url": "https://sortiment.lidl.ch/de/barilla-spaghetti-no-5-0001064", "product_description": "Artikelnr.: 1064"}
{"product_name": "Basmati Reis", "brand": "golden_sun", "regular_price": 2.79, "selling_price": 2.79, "price_per_unit": "pro 1kg |", "breadcrumb": "Sortiment > Sortiment > Basmati Reis", "pdp_url": "https://sortiment.lidl.ch/de/basmati-reis-0136419", "product_description": "Artikelnr.: 136419"}
{"product_name": "San Andrea Risottoreis", "brand": "golden_sun", "regular_price": 1.99, "selling_price": 1.99, "price_per_unit": "pro 1kg |", "breadcrumb": "Sortiment > Sortiment > San Andrea Risottoreis", "pdp_url": "https://sortiment.lidl.ch/de/san-andrea-risottoreis-0129108", "product_description": "Artikelnr.: 129108"}
{"product_name": "Jasmin Reis", "brand": "golden_sun", "regular_price": 2.79, "selling_price": 2.79, "price_per_unit": "pro 1kg |", "breadcrumb": "Sortiment > Sortiment > Jasmin Reis", "pdp_url": "https://sortiment.lidl.ch/de/jasmin-reis-0012592", "product_description": "Artikelnr.: 12592"}
{"product_name": "Bio Hülsenfrüchte", "brand": "golden_sun", "regular_price": 2.29, "selling_price": 2.29, "price_per_unit": "pro 500g | 100g = 0.46 CHF", "breadcrumb": "Sortiment > Sortiment > Bio Hülsenfrüchte", "pdp_url": "https://sortiment.lidl.ch/de/bio-huelsenfruechte-0119562", "product_description": "Artikelnr.: 119562"}
{"product_name": "Golden Puffs / Frosted Flakes", "brand": "crownfield", "regular_price": 2.69, "selling_price": 2.69, "price_per_unit": "pro 500g | 100g = 0.54 CHF", "breadcrumb": "Sortiment > Sortiment > Golden Puffs / Frosted Flakes", "pdp_url": "https://sortiment.lidl.ch/de/golden-puffs-frosted-flakes-0099982", "product_description": "Artikelnr.: 99982"}
{"product_name": "Premium Müesli", "brand": "crownfield", "regular_price": 4.75, "selling_price": 4.75, "price_per_unit": "pro 750g | 100g = 0.64 CHF", "breadcrumb": "Sortiment > Sortiment > Premium Müesli", "pdp_url": "https://sortiment.lidl.ch/de/premium-mueesli-0036658", "product_description": "Artikelnr.: 36658"}
{"product_name": "Crunchy Müesli", "brand": "crownfield", "regular_price": 3.59, "selling_price": 3.59, "price_per_unit": "pro 600g | 100g = 0.60 CHF", "breadcrumb": "Sortiment > Sortiment > Crunchy Müesli", "pdp_url": "https://sortiment.lidl.ch/de/crunchy-mueesli-0025231", "product_description": "Artikelnr.: 25231"}
{"product_name": "Bio Haferflocken zart", "brand": "crownfield", "regular_price": 1.19, "selling_price": 1.19, "price_per_unit": "pro 500g | 100g = 0.24 CHF", "breadcrumb": "Sortiment > Sortiment > Bio Haferflocken zart", "pdp_url": "https://sortiment.lidl.ch/de/bio-haferflocken-zart-0134634", "product_description": "Artikelnr.: 134634"}
{"product_name": "Crunchy Müesli", "brand": "crownfield", "regular_price": 3.19, "selling_price": 3.19, "price_per_unit": "pro 500g | 100g = 0.64 CHF", "breadcrumb": "Sortiment > Sortiment > Crunchy Müesli", "pdp_url": "https://sortiment.lidl.ch/de/crunchy-mueesli-0120666", "product_description": "Artikelnr.: 120666"}
{"product_name": "Special Flakes", "brand": "crownfield", "regular_price": 2.99, "selling_price": 2.99, "price_per_unit": "pro 425g | 100g = 0.71 CHF", "breadcrumb": "Sortiment > Sortiment > Special Flakes", "pdp_url": "https://sortiment.lidl.ch/de/special-flakes-0109615", "product_description": "Artikelnr.: 109615"}
{"product_name": "Vollkornmüesli", "brand": "crownfield", "regular_price": 2.39, "selling_price": 2.39, "price_per_unit": "pro 1000g |", "breadcrumb": "Sortiment > Sortiment > Vollkornmüesli", "pdp_url": "https://sortiment.lidl.ch/de/vollkornmueesli-0038441", "product_description": "Artikelnr.: 38441"}
{"product_name": "Nougat Pillows / Milk-Choco-Bits", "brand": "crownfield", "regular_price": 3.99, "selling_price": 3.99, "price_per_unit": "pro 750g | 100g = 0.54 CHF", "breadcrumb": "Sortiment > Sortiment > Nougat Pillows / Milk-Choco-Bits", "pdp_url": "https://sortiment.lidl.ch/de/nougat-pillows-milk-choco-bits-0038279", "product_description": "Artikelnr.: 38279"}
{"product_name": "Käsesnack in Würfeln", "brand": "milbona", "regular_price": 3.99, "selling_price": 3.99, "price_per_unit": "pro 220g | 100g = 1.82 CHF", "breadcrumb": "Sortiment > Sortiment > Käsesnack in Würfeln", "pdp_url": "https://sortiment.lidl.ch/de/kaesesnack-in-wuerfeln-0088099", "product_description": "Artikelnr.: 88099"}
{"product_name": "Parmigiano Reggiano DOP", "brand": "milbona", "regular_price": 2.69, "selling_price": 2.69, "price_per_unit": "pro 125g | 100g = 2.16 CHF", "breadcrumb": "Sortiment > Sortiment > Parmigiano Reggiano DOP", "pdp_url": "https://sortiment.lidl.ch/de/parmigiano-reggiano-dop-0117682", "product_description": "Artikelnr.: 117682"}
{"product_name": "Gratinkäse gerieben", "brand": "milbona", "regular_price": 1.89, "selling_price": 1.89, "price_per_unit": "pro 200g | 100g = 0.95 CHF", "breadcrumb": "Sortiment > Sortiment > Gratinkäse gerieben", "pdp_url": "https://sortiment.lidl.ch/de/gratinkaese-gerieben-0022762", "product_description": "Artikelnr.: 22762"}
{"product_name": "Käsekuchenmischung", "brand": "fromani", "regular_price": 3.69, "selling_price": 3.69, "price_per_unit": "pro 250g | 100g = 1.48 CHF", "breadcrumb": "Sortiment > Sortiment > Käsekuchenmischung", "pdp_url": "https://sortiment.lidl.ch/de/kaesekuchenmischung-0003185", "product_description": "Artikelnr.: 3185"}
{"product_name": "Frischkäse Spezialitäten", "brand": "milbona", "regular_price": 2.29, "selling_price": 2.29, "price_per_unit": "pro 100g |", "breadcrumb": "Sortiment > Sortiment > Frischkäse Spezialitäten", "pdp_url": "https://sortiment.lidl.ch/de/frischkaese-spezialitaeten-0123439", "product_description": "Artikelnr.: 123439"}
{"product_name": "Ziegenkäse Spezialitäten", "brand": "chene_dargent", "regular_price": 3.49, "selling_price": 3.49, "price_per_unit": "pro 120g, 150g, 200g | 100g = 2.91, 2.33, 1.75 CHF", "breadcrumb": "Sortiment > Sortiment > Ziegenkäse Spezialitäten", "pdp_url": "https://sortiment.lidl.ch/de/ziegenkaese-spezialitaeten-0025707", "product_description": "Artikelnr.: 25707"}
{"product_name": "Crefée Frischkäse", "brand": "milbona", "regular_price": 0.95, "selling_price": 0.95, "price_per_unit": "pro 150g | 100g = 0.64 CHF", "breadcrumb": "Sortiment > Sortiment > Crefée Frischkäse", "pdp_url": "https://sortiment.lidl.ch/de/crefee-frischkaese-0022837", "product_description": "Artikelnr.: 22837"}
{"product_name": "Tartare Frischkäse", "brand": "tartare", "regular_price": 3.25, "selling_price": 3.25, "price_per_unit": "pro 150g | 100g = 2.17 CHF", "breadcrumb": "Sortiment > Sortiment > Tartare Frischkäse", "pdp_url": "https://sortiment.lidl.ch/de/tartare-frischkaese-0002911", "product_description": "Artikelnr.: 2911"}
{"product_name": "Nestlé Hirz Hüttenkäse Nature", "brand": "", "regular_price": 1.95, "selling_price": 1.49, "price_per_unit": "pro 200g | 100g = 0.75 CHF", "breadcrumb": "Sortiment > Sortiment > Nestlé Hirz Hüttenkäse Nature", "pdp_url": "https://sortiment.lidl.ch/de/nestle-hirz-huettenkaese-nature-0003852", "product_description": "Artikelnr.: 3852 *Konkurrenzvergleich:  19.09.2024"}
{"product_name": "Philadelphia Frischkäse Original", "brand": "philadelphia", "regular_price": 2.75, "selling_price": 2.75, "price_per_unit": "pro 200g | 100g = 1.38 CHF", "breadcrumb": "Sortiment > Sortiment > Philadelphia Frischkäse Original", "pdp_url": "https://sortiment.lidl.ch/de/philadelphia-frischkaese-original-0002719", "product_description": "Artikelnr.: 2719"}
{"product_name": "Philadelphia Frischkäse Kräuter", "brand": "philadelphia", "regular_price": 2.75, "selling_price": 2.75, "price_per_unit": "pro 200g | 100g = 1.38 CHF", "breadcrumb": "Sortiment > Sortiment > Philadelphia Frischkäse Kräuter", "pdp_url": "https://sortiment.lidl.ch/de/philadelphia-frischkaese-kraeuter-0002717", "product_description": "Artikelnr.: 2717"}
{"product_name": "Raclette Blöckli", "brand": "fromani", "regular_price": 1.89, "selling_price": 1.89, "price_per_unit": "pro 100g, ca. 540g |", "breadcrumb": "Sortiment > Sortiment > Raclette Blöckli", "pdp_url": "https://sortiment.lidl.ch/de/raclette-bloeckli-0003300", "product_description": "Artikelnr.: 3300"}
{"product_name": "Bio Gruyère AOP mild", "brand": "fromani", "regular_price": 4.85, "selling_price": 4.85, "price_per_unit": "pro 200g | 100g = 2.43 CHF", "breadcrumb": "Sortiment > Sortiment > Bio Gruyère AOP mild", "pdp_url": "https://sortiment.lidl.ch/de/bio-gruyere-aop-mild-5103150", "product_description": "Artikelnr.: 5103150"}
{"product_name": "Grana Padano DOP", "brand": "lovilio", "regular_price": 5.99, "selling_price": 5.99, "price_per_unit": "pro 300g | 100g = 2.00 CHF", "breadcrumb": "Sortiment > Sortiment > Grana Padano DOP", "pdp_url": "https://sortiment.lidl.ch/de/grana-padano-dop-6007311", "product_description": "Artikelnr.: 6007311"}
{"product_name": "Cheddar", "brand": "milbona", "regular_price": 3.29, "selling_price": 3.29, "price_per_unit": "pro 200g, 250g | 100g = 1.65, 1.32 CHF", "breadcrumb": "Sortiment > Sortiment > Cheddar", "pdp_url": "https://sortiment.lidl.ch/de/cheddar-5200745", "product_description": "Artikelnr.: 5200745"}
{"product_name": "Bio Rahmtilsiter", "brand": "fromani", "regular_price": 3.79, "selling_price": 3.79, "price_per_unit": "pro 200g | 100g = 1.90 CHF", "breadcrumb": "Sortiment > Sortiment > Bio Rahmtilsiter", "pdp_url": "https://sortiment.lidl.ch/de/bio-rahmtilsiter-5107542", "product_description": "Artikelnr.: 5107542"}
{"product_name": "Schweizer Hartkäse", "brand": "fromani", "regular_price": 2.19, "selling_price": 2.19, "price_per_unit": "pro 200g | 100g = 1.10 CHF", "breadcrumb": "Sortiment > Sortiment > Schweizer Hartkäse", "pdp_url": "https://sortiment.lidl.ch/de/schweizer-hartkaese-5104998", "product_description": "Artikelnr.: 5104998"}
{"product_name": "Appenzeller kräftig", "brand": "", "regular_price": 3.89, "selling_price": 2.99, "price_per_unit": "pro 200g | 100g = 1.50 CHF", "breadcrumb": "Sortiment > Sortiment > Appenzeller kräftig", "pdp_url": "https://sortiment.lidl.ch/de/appenzeller-kraeftig-5103873", "product_description": "Artikelnr.: 5103873"}
{"product_name": "Appenzeller mild", "brand": "", "regular_price": 3.45, "selling_price": 3.45, "price_per_unit": "pro 200g | 100g = 1.73 CHF", "breadcrumb": "Sortiment > Sortiment > Appenzeller mild", "pdp_url": "https://sortiment.lidl.ch/de/appenzeller-mild-5103819", "product_description": "Artikelnr.: 5103819"}
{"product_name": "Roter Teufel", "brand": "fromani", "regular_price": 3.99, "selling_price": 3.99, "price_per_unit": "pro 200g | 100g = 2.00 CHF", "breadcrumb": "Sortiment > Sortiment > Roter Teufel", "pdp_url": "https://sortiment.lidl.ch/de/roter-teufel-5103168", "product_description": "Artikelnr.: 5103168"}
{"product_name": "Holländischer Gouda", "brand": "milbona", "regular_price": 3.79, "selling_price": 3.79, "price_per_unit": "pro 450g | 100g = 0.85 CHF", "breadcrumb": "Sortiment > Sortiment > Holländischer Gouda", "pdp_url": "https://sortiment.lidl.ch/de/hollaendischer-gouda-0070044", "product_description": "Artikelnr.: 70044"}
{"product_name": "Raclette Blöckli", "brand": "fromani", "regular_price": 1.29, "selling_price": 1.29, "price_per_unit": "pro 100g, ca. 530g |", "breadcrumb": "Sortiment > Sortiment > Raclette Blöckli", "pdp_url": "https://sortiment.lidl.ch/de/raclette-bloeckli-0032456", "product_description": "Artikelnr.: 32456"}
{"product_name": "Babybel Mini Original 9 Stück", "brand": "babybel", "regular_price": 4.29, "selling_price": 4.29, "price_per_unit": "pro 9x22g | 100g = 2.17 CHF", "breadcrumb": "Sortiment > Sortiment > Babybel Mini Original 9 Stück", "pdp_url": "https://sortiment.lidl.ch/de/babybel-mini-original-9-stueck-0003638", "product_description": "Artikelnr.: 3638"}
{"product_name": "Gruyère AOP mild", "brand": "fromani", "regular_price": 3.65, "selling_price": 3.65, "price_per_unit": "pro 200g | 100g = 1.83 CHF", "breadcrumb": "Sortiment > Sortiment > Gruyère AOP mild", "pdp_url": "https://sortiment.lidl.ch/de/gruyere-aop-mild-0003341", "product_description": "Artikelnr.: 3341"}
{"product_name": "Gruyère AOP vieux", "brand": "fromani", "regular_price": 4.69, "selling_price": 4.69, "price_per_unit": "pro 200g | 100g = 2.35 CHF", "breadcrumb": "Sortiment > Sortiment > Gruyère AOP vieux", "pdp_url": "https://sortiment.lidl.ch/de/gruyere-aop-vieux-0003311", "product_description": "Artikelnr.: 3311"}
{"product_name": "Gruyère AOP surchoix", "brand": "fromani", "regular_price": 4.39, "selling_price": 4.39, "price_per_unit": "pro 200g | 100g = 2.20 CHF", "breadcrumb": "Sortiment > Sortiment > Gruyère AOP surchoix", "pdp_url": "https://sortiment.lidl.ch/de/gruyere-aop-surchoix-0003310", "product_description": "Artikelnr.: 3310"}
{"product_name": "Gruyère AOP rezent", "brand": "fromani", "regular_price": 4.19, "selling_price": 4.19, "price_per_unit": "pro 200g | 100g = 2.10 CHF", "breadcrumb": "Sortiment > Sortiment > Gruyère AOP rezent", "pdp_url": "https://sortiment.lidl.ch/de/gruyere-aop-rezent-0003309", "product_description": "Artikelnr.: 3309"}
{"product_name": "Vacherin Fribourgeois AOP", "brand": "fromani", "regular_price": 3.79, "selling_price": 3.79, "price_per_unit": "pro 200g | 100g = 1.90 CHF", "breadcrumb": "Sortiment > Sortiment > Vacherin Fribourgeois AOP", "pdp_url": "https://sortiment.lidl.ch/de/vacherin-fribourgeois-aop-0003188", "product_description": "Artikelnr.: 3188"}
{"product_name": "Tilsiter mild", "brand": "fromani", "regular_price": 3.49, "selling_price": 3.49, "price_per_unit": "pro 250g | 100g = 1.40 CHF", "breadcrumb": "Sortiment > Sortiment > Tilsiter mild", "pdp_url": "https://sortiment.lidl.ch/de/tilsiter-mild-0003186", "product_description": "Artikelnr.: 3186"}
{"product_name": "Mini Mozzarella Kugeln", "brand": "lovilio", "regular_price": 1.49, "selling_price": 1.49, "price_per_unit": "pro 125g | 100g = 1.20 CHF", "breadcrumb": "Sortiment > Sortiment > Mini Mozzarella Kugeln", "pdp_url": "https://sortiment.lidl.ch/de/mini-mozzarella-kugeln-0116839", "product_description": "Artikelnr.: 116839"}
{"product_name": "Schweizer Mozzarella", "brand": "lovilio", "regular_price": 1.49, "selling_price": 1.49, "price_per_unit": "pro 150g (Abtropfgewicht) | 100g = 1.00 CHF", "breadcrumb": "Sortiment > Sortiment > Schweizer Mozzarella", "pdp_url": "https://sortiment.lidl.ch/de/schweizer-mozzarella-0003195", "product_description": "Artikelnr.: 3195"}
{"product_name": "Le Crémeux", "brand": "milbona", "regular_price": 1.69, "selling_price": 1.69, "price_per_unit": "pro 200g | 100g = 0.85 CHF", "breadcrumb": "Sortiment > Sortiment > Le Crémeux", "pdp_url": "https://sortiment.lidl.ch/de/le-cremeux-0044104", "product_description": "Artikelnr.: 44104"}
{"product_name": "Schweizer Mozzarella Stange", "brand": "milbona", "regular_price": 2.65, "selling_price": 2.65, "price_per_unit": "pro 300g (Abtropfgewicht) | 100g = 0.89 CHF", "breadcrumb": "Sortiment > Sortiment > Schweizer Mozzarella Stange", "pdp_url": "https://sortiment.lidl.ch/de/schweizer-mozzarella-stange-0003097", "product_description": "Artikelnr.: 3097"}
{"product_name": "Rahmweichkäse", "brand": "fromani", "regular_price": 2.19, "selling_price": 2.19, "price_per_unit": "pro 100g, ca. 170g |", "breadcrumb": "Sortiment > Sortiment > Rahmweichkäse", "pdp_url": "https://sortiment.lidl.ch/de/rahmweichkaese-0002754", "product_description": "Artikelnr.: 2754"}
{"product_name": "Jean-Louis Tomme", "brand": "jean-louis", "regular_price": 1.99, "selling_price": 1.99, "price_per_unit": "pro 100g |", "breadcrumb": "Sortiment > Sortiment > Jean-Louis Tomme", "pdp_url": "https://sortiment.lidl.ch/de/jean-louis-tomme-0001684", "product_description": "Artikelnr.: 1684"}
{"product_name": "Caprice des Dieux", "brand": "caprice_des_dieux", "regular_price": 4.39, "selling_price": 4.39, "price_per_unit": "pro 200g | 100g = 2.20 CHF", "breadcrumb": "Sortiment > Sortiment > Caprice des Dieux", "pdp_url": "https://sortiment.lidl.ch/de/caprice-des-dieux-0001531", "product_description": "Artikelnr.: 1531"}
{"product_name": "Französischer Camembert", "brand": "milbona", "regular_price": 1.85, "selling_price": 1.85, "price_per_unit": "pro 240g, 250g | 100g = 0.78, 0.74 CHF", "breadcrumb": "Sortiment > Sortiment > Französischer Camembert", "pdp_url": "https://sortiment.lidl.ch/de/franzoesischer-camembert-0019411", "product_description": "Artikelnr.: 19411"}
{"product_name": "Burrata", "brand": "deluxe", "regular_price": 3.79, "selling_price": 3.79, "price_per_unit": "pro 200g | 100g = 1.90 CHF", "breadcrumb": "Sortiment > Sortiment > Burrata", "pdp_url": "https://sortiment.lidl.ch/de/burrata-6000486", "product_description": "Artikelnr.: 6000486"}
{"product_name": "Brie Spitze", "brand": "milbona", "regular_price": 1.65, "selling_price": 1.65, "price_per_unit": "pro 200g | 100g = 0.83 CHF", "breadcrumb": "Sortiment > Sortiment > Brie Spitze", "pdp_url": "https://sortiment.lidl.ch/de/brie-spitze-0039784", "product_description": "Artikelnr.: 39784"}
{"product_name": "Salatkäse", "brand": "milbona", "regular_price": 2.23, "selling_price": 2.23, "price_per_unit": "pro 250g | 100g = 0.90 CHF", "breadcrumb": "Sortiment > Sortiment > Salatkäse", "pdp_url": "https://sortiment.lidl.ch/de/salatkaese-0029694", "product_description": "Artikelnr.: 29694"}
{"product_name": "Salatkäse in Salzlake", "brand": "milbona", "regular_price": 8.99, "selling_price": 8.99, "price_per_unit": "pro 1kg |", "breadcrumb": "Sortiment > Sortiment > Salatkäse in Salzlake", "pdp_url": "https://sortiment.lidl.ch/de/salatkaese-in-salzlake-0022725", "product_description": "Artikelnr.: 22725"}
{"product_name": "Mozzarella classic", "brand": "lovilio", "regular_price": 0.95, "selling_price": 0.95, "price_per_unit": "pro 125g | 100g = 0.76 CHF", "breadcrumb": "Sortiment > Sortiment > Mozzarella classic", "pdp_url": "https://sortiment.lidl.ch/de/mozzarella-classic-0019051", "product_description": "Artikelnr.: 19051"}
{"product_name": "Mozzarella light", "brand": "lovilio", "regular_price": 0.95, "selling_price": 0.95, "price_per_unit": "pro 125g | 100g = 0.76 CHF", "breadcrumb": "Sortiment > Sortiment > Mozzarella light", "pdp_url": "https://sortiment.lidl.ch/de/mozzarella-light-0019050", "product_description": "Artikelnr.: 19050"}
{"product_name": "Maasdamer Spezialitäten", "brand": "milbona", "regular_price": 2.25, "selling_price": 2.25, "price_per_unit": "pro 200g | 100g = 1.13 CHF", "breadcrumb": "Sortiment > Sortiment > Maasdamer Spezialitäten", "pdp_url": "https://sortiment.lidl.ch/de/maasdamer-spezialitaeten-0109833", "product_description": "Artikelnr.: 109833"}
{"product_name": "Raclette Scheiben aromatisiert", "brand": "fromani", "regular_price": 6.49, "selling_price": 6.49, "price_per_unit": "pro 300g | 100g = 2.17 CHF", "breadcrumb": "Sortiment > Sortiment > Raclette Scheiben aromatisiert", "pdp_url": "https://sortiment.lidl.ch/de/raclette-scheiben-aromatisiert-0002779", "product_description": "Artikelnr.: 2779"}
{"product_name": "Schweizer Käsescheiben", "brand": "fromani", "regular_price": 3.89, "selling_price": 3.89, "price_per_unit": "pro 150g | 100g = 2.60 CHF", "breadcrumb": "Sortiment > Sortiment > Schweizer Käsescheiben", "pdp_url": "https://sortiment.lidl.ch/de/schweizer-kaesescheiben-0002764", "product_description": "Artikelnr.: 2764"}
{"product_name": "Fol Epi Käsescheiben", "brand": "fol_epi", "regular_price": 3.49, "selling_price": 3.49, "price_per_unit": "pro 100g, 130g, 150g | 100g = 3.49, 2.69, 2.33 CHF", "breadcrumb": "Sortiment > Sortiment > Fol Epi Käsescheiben", "pdp_url": "https://sortiment.lidl.ch/de/fol-epi-kaesescheiben-0002670", "product_description": "Artikelnr.: 2670"}
{"product_name": "Raclette Scheiben", "brand": "fromani", "regular_price": 6.49, "selling_price": 6.49, "price_per_unit": "pro 300g | 100g = 2.17 CHF", "breadcrumb": "Sortiment > Sortiment > Raclette Scheiben", "pdp_url": "https://sortiment.lidl.ch/de/raclette-scheiben-5103938", "product_description": "Artikelnr.: 5103938"}
{"product_name": "Provoletta Dolce Scheiben", "brand": "lovilio", "regular_price": 2.79, "selling_price": 2.79, "price_per_unit": "pro 140g | 100g = 2.00 CHF", "breadcrumb": "Sortiment > Sortiment > Provoletta Dolce Scheiben", "pdp_url": "https://sortiment.lidl.ch/de/provoletta-dolce-scheiben-6000362", "product_description": "Artikelnr.: 6000362"}
{"product_name": "Tête de Moine AOP Rosetten", "brand": "fromani", "regular_price": 3.99, "selling_price": 3.99, "price_per_unit": "pro 100g |", "breadcrumb": "Sortiment > Sortiment > Tête de Moine AOP Rosetten", "pdp_url": "https://sortiment.lidl.ch/de/tete-de-moine-aop-rosetten-0034829", "product_description": "Artikelnr.: 34829"}
{"product_name": "Raclette-Scheiben nature", "brand": "fromani", "regular_price": 6.49, "selling_price": 6.49, "price_per_unit": "pro 400g | 100g = 1.63 CHF", "breadcrumb": "Sortiment > Sortiment > Raclette-Scheiben nature", "pdp_url": "https://sortiment.lidl.ch/de/raclette-scheiben-nature-0032459", "product_description": "Artikelnr.: 32459"}
{"product_name": "Leerdammer Käsescheiben", "brand": "leerdammer", "regular_price": 4.25, "selling_price": 4.25, "price_per_unit": "pro 225g | 100g = 1.89 CHF", "breadcrumb": "Sortiment > Sortiment > Leerdammer Käsescheiben", "pdp_url": "https://sortiment.lidl.ch/de/leerdammer-kaesescheiben-0003508", "product_description": "Artikelnr.: 3508"}
{"product_name": "Pflaster", "brand": "", "regular_price": 0.99, "selling_price": 0.99, "price_per_unit": "pro 20 Stück, 40 Stück | 1 Stk = 0.05, 0.03 CHF", "breadcrumb": "Sortiment > Sortiment > Pflaster", "pdp_url": "https://sortiment.lidl.ch/de/pflaster-0028901", "product_description": "Artikelnr.: 28901"}
{"product_name": "Servietten 33cm x 33cm", "brand": "floralys", "regular_price": 0.89, "selling_price": 0.89, "price_per_unit": "pro 30 Stück |", "breadcrumb": "Sortiment > Sortiment > Servietten 33cm x 33cm", "pdp_url": "https://sortiment.lidl.ch/de/servietten-33cm-x-33cm-0058708", "product_description": "Artikelnr.: 58708"}
{"product_name": "Taschentücher Soft, 4-lagig", "brand": "floralys", "regular_price": 2.79, "selling_price": 2.79, "price_per_unit": "pro 300Blatt |", "breadcrumb": "Sortiment > Sortiment > Taschentücher Soft, 4-lagig", "pdp_url": "https://sortiment.lidl.ch/de/taschentuecher-soft-4-lagig-0029789", "product_description": "Artikelnr.: 29789"}
{"product_name": "Taschentücher-Box 4-lagig", "brand": "floralys", "regular_price": 1.79, "selling_price": 1.79, "price_per_unit": "pro 100 Stück |", "breadcrumb": "Sortiment > Sortiment > Taschentücher-Box 4-lagig", "pdp_url": "https://sortiment.lidl.ch/de/taschentuecher-box-4-lagig-0025018", "product_description": "Artikelnr.: 25018"}
{"product_name": "Backpapier", "brand": "aromata", "regular_price": 1.39, "selling_price": 1.39, "price_per_unit": "pro 30 Stück | 1 Stk = 0.05 CHF", "breadcrumb": "Sortiment > Sortiment > Backpapier", "pdp_url": "https://sortiment.lidl.ch/de/backpapier-0018796", "product_description": "Artikelnr.: 18796"}
{"product_name": "Kehrichtsäcke 110l", "brand": "purio", "regular_price": 3.55, "selling_price": 3.55, "price_per_unit": "pro 10 Stück |", "breadcrumb": "Sortiment > Sortiment > Kehrichtsäcke 110l", "pdp_url": "https://sortiment.lidl.ch/de/kehrichtsaecke-110l-0029774", "product_description": "Artikelnr.: 29774"}
{"product_name": "Kehrichtsäcke 60l", "brand": "purio", "regular_price": 3.09, "selling_price": 3.09, "price_per_unit": "pro 10 Stück |", "breadcrumb": "Sortiment > Sortiment > Kehrichtsäcke 60l", "pdp_url": "https://sortiment.lidl.ch/de/kehrichtsaecke-60l-0029773", "product_description": "Artikelnr.: 29773"}
{"product_name": "Kehrichtsäcke 35l", "brand": "purio", "regular_price": 3.39, "selling_price": 3.39, "price_per_unit": "pro 20 Stück |", "breadcrumb": "Sortiment > Sortiment > Kehrichtsäcke 35l", "pdp_url": "https://sortiment.lidl.ch/de/kehrichtsaecke-35l-0029772", "product_description": "Artikelnr.: 29772"}
{"product_name": "Aluminiumfolie", "brand": "aromata", "regular_price": 2.89, "selling_price": 2.89, "price_per_unit": "pro Stück |", "breadcrumb": "Sortiment > Sortiment > Aluminiumfolie", "pdp_url": "https://sortiment.lidl.ch/de/aluminiumfolie-0018957", "product_description": "Artikelnr.: 18957"}
{"product_name": "Carefree Slipeinlagen", "brand": "carefree", "regular_price": 3.55, "selling_price": 3.55, "price_per_unit": "pro 48 Stück, 56 Stück | 1 Stk = 0.09, 0.08, 0.07 CHF", "breadcrumb": "Sortiment > Sortiment > Carefree Slipeinlagen", "pdp_url": "https://sortiment.lidl.ch/de/carefree-slipeinlagen-0001657", "product_description": "Artikelnr.: 1657"}
{"product_name": "Wickelunterlagen", "brand": "lupilu", "regular_price": 3.99, "selling_price": 3.99, "price_per_unit": "pro 10 Stück | 1 Stk = 0.40 CHF", "breadcrumb": "Sortiment > Sortiment > Wickelunterlagen", "pdp_url": "https://sortiment.lidl.ch/de/wickelunterlagen-0130998", "product_description": "Artikelnr.: 130998"}
{"product_name": "Maxi Binden mit Aloe Vera", "brand": "siempre", "regular_price": 0.59, "selling_price": 0.59, "price_per_unit": "pro 14 Stück, 20 Stück | 1 Stk = 0.05, 0.03 CHF", "breadcrumb": "Sortiment > Sortiment > Maxi Binden mit Aloe Vera", "pdp_url": "https://sortiment.lidl.ch/de/maxi-binden-mit-aloe-vera-0029451", "product_description": "Artikelnr.: 29451"}
{"product_name": "Slipeinlagen mit Aloe Vera", "brand": "siempre", "regular_price": 0.99, "selling_price": 0.99, "price_per_unit": "pro 26 Stück, 32 Stück, 45 Stück | 1 Stk = 0.04, 0.04, 0.03 CHF", "breadcrumb": "Sortiment > Sortiment > Slipeinlagen mit Aloe Vera", "pdp_url": "https://sortiment.lidl.ch/de/slipeinlagen-mit-aloe-vera-0029444", "product_description": "Artikelnr.: 29444"}
{"product_name": "Mikrofasertücher", "brand": "w5", "regular_price": 1.99, "selling_price": 1.99, "price_per_unit": "pro 2 Stück, 3 Stück | 1 Stk = 1.00, 0.67 CHF", "breadcrumb": "Sortiment > Sortiment > Mikrofasertücher", "pdp_url": "https://sortiment.lidl.ch/de/mikrofasertuecher-0085302", "product_description": "Artikelnr.: 85302"}
{"product_name": "Feuchte Allzwecktücher", "brand": "w5", "regular_price": 2.99, "selling_price": 2.99, "price_per_unit": "pro 80 Stück |", "breadcrumb": "Sortiment > Sortiment > Feuchte Allzwecktücher", "pdp_url": "https://sortiment.lidl.ch/de/feuchte-allzwecktuecher-0026905", "product_description": "Artikelnr.: 26905"}
{"product_name": "Badputz- / Geschirrschwamm", "brand": "w5", "regular_price": 3.89, "selling_price": 3.89, "price_per_unit": "pro 4 Stück | 1 Stk = 0.98 CHF", "breadcrumb": "Sortiment > Sortiment > Badputz- / Geschirrschwamm", "pdp_url": "https://sortiment.lidl.ch/de/badputz-geschirrschwamm-0025297", "product_description": "Artikelnr.: 25297"}
{"product_name": "Feuchtes WC Papier Premium", "brand": "floralys", "regular_price": 2.49, "selling_price": 2.49, "price_per_unit": "pro 2x70 Stück | 1 Stk = 0.02 CHF", "breadcrumb": "Sortiment > Sortiment > Feuchtes WC Papier Premium", "pdp_url": "https://sortiment.lidl.ch/de/feuchtes-wc-papier-premium-0105794", "product_description": "Artikelnr.: 105794"}
{"product_name": "Brillenputztücher", "brand": "w5", "regular_price": 1.49, "selling_price": 1.49, "price_per_unit": "pro 54 Stück | 1 Stk = 0.03 CHF", "breadcrumb": "Sortiment > Sortiment > Brillenputztücher", "pdp_url": "https://sortiment.lidl.ch/de/brillenputztuecher-0060424", "product_description": "Artikelnr.: 60424"}
{"product_name": "Muffins", "brand": "confiserie_firenze", "regular_price": 3.49, "selling_price": 3.49, "price_per_unit": "pro 360g | 100g = 0.97 CHF", "breadcrumb": "Sortiment > Sortiment > Muffins", "pdp_url": "https://sortiment.lidl.ch/de/muffins-0132041", "product_description": "Artikelnr.: 132041"}
{"product_name": "Cake", "brand": "confiserie_firenze", "regular_price": 2.49, "selling_price": 2.49, "price_per_unit": "pro 400g | 100g = 0.63 CHF", "breadcrumb": "Sortiment > Sortiment > Cake", "pdp_url": "https://sortiment.lidl.ch/de/cake-0024320", "product_description": "Artikelnr.: 24320"}
{"product_name": "Rouladen", "brand": "confiserie_firenze", "regular_price": 2.59, "selling_price": 2.59, "price_per_unit": "pro 400g | 100g = 0.65 CHF", "breadcrumb": "Sortiment > Sortiment > Rouladen", "pdp_url": "https://sortiment.lidl.ch/de/rouladen-0013006", "product_description": "Artikelnr.: 13006"}
{"product_name": "Lütticher Waffeln", "brand": "sondey", "regular_price": 4.49, "selling_price": 4.49, "price_per_unit": "pro 550g | 100g = 0.82 CHF", "breadcrumb": "Sortiment > Sortiment > Lütticher Waffeln", "pdp_url": "https://sortiment.lidl.ch/de/luetticher-waffeln-7400013", "product_description": "Artikelnr.: 7400013"}
{"product_name": "Bischofberger Appenzeller Bärli-Biber", "brand": "bischofberger", "regular_price": 1.69, "selling_price": 1.69, "price_per_unit": "pro 75g | 100g = 2.26 CHF", "breadcrumb": "Sortiment > Sortiment > Bischofberger Appenzeller Bärli-Biber", "pdp_url": "https://sortiment.lidl.ch/de/bischofberger-appenzeller-baerli-biber-5102787", "product_description": "Artikelnr.: 5102787"}
{"product_name": "Frischei-Waffeln", "brand": "confiserie_firenze", "regular_price": 1.79, "selling_price": 1.79, "price_per_unit": "pro 250g | 100g = 0.72 CHF", "breadcrumb": "Sortiment > Sortiment > Frischei-Waffeln", "pdp_url": "https://sortiment.lidl.ch/de/frischei-waffeln-0018972", "product_description": "Artikelnr.: 18972"}
{"product_name": "Glutenfreie Bio Brötchen", "brand": "grafschafter", "regular_price": 2.59, "selling_price": 2.59, "price_per_unit": "pro 180g | 100g = 1.44 CHF", "breadcrumb": "Sortiment > Sortiment > Glutenfreie Bio Brötchen", "pdp_url": "https://sortiment.lidl.ch/de/glutenfreie-bio-broetchen-0127379", "product_description": "Artikelnr.: 127379"}
{"product_name": "Bio Roggen Vollkornbrote", "brand": "", "regular_price": 1.79, "selling_price": 1.79, "price_per_unit": "pro 500g | 100g = 0.36 CHF", "breadcrumb": "Sortiment > Sortiment > Bio Roggen Vollkornbrote", "pdp_url": "https://sortiment.lidl.ch/de/bio-roggen-vollkornbrote-0095047", "product_description": "Artikelnr.: 95047"}
{"product_name": "Unsere Besten Brötchen", "brand": "grafschafter", "regular_price": 1.49, "selling_price": 1.49, "price_per_unit": "pro 360g | 100g = 0.42 CHF", "breadcrumb": "Sortiment > Sortiment > Unsere Besten Brötchen", "pdp_url": "https://sortiment.lidl.ch/de/unsere-besten-broetchen-0072774", "product_description": "Artikelnr.: 72774"}
{"product_name": "American Sandwich Toast", "brand": "grafschafter", "regular_price": 1.99, "selling_price": 1.99, "price_per_unit": "pro 750g | 100g = 0.27 CHF", "breadcrumb": "Sortiment > Sortiment > American Sandwich Toast", "pdp_url": "https://sortiment.lidl.ch/de/american-sandwich-toast-0021283", "product_description": "Artikelnr.: 21283"}
{"product_name": "Baguette Brötchen", "brand": "", "regular_price": 0.95, "selling_price": 0.95, "price_per_unit": "pro 300g | 100g = 0.32 CHF", "breadcrumb": "Sortiment > Sortiment > Baguette Brötchen", "pdp_url": "https://sortiment.lidl.ch/de/baguette-broetchen-0021282", "product_description": "Artikelnr.: 21282"}
{"product_name": "Hamburger/ Hot Dog-Brötli", "brand": "", "regular_price": 1.69, "selling_price": 1.69, "price_per_unit": "pro 250g, 300g | 100g = 0.68, 0.57 CHF", "breadcrumb": "Sortiment > Sortiment > Hamburger/ Hot Dog-Brötli", "pdp_url": "https://sortiment.lidl.ch/de/hamburger-hot-dog-broetli-0079870", "product_description": "Artikelnr.: 79870"}
{"product_name": "Steinofen Baguette", "brand": "", "regular_price": 1.39, "selling_price": 1.39, "price_per_unit": "pro 250g | 100g = 0.56 CHF", "breadcrumb": "Sortiment > Sortiment > Steinofen Baguette", "pdp_url": "https://sortiment.lidl.ch/de/steinofen-baguette-0002959", "product_description": "Artikelnr.: 2959"}
{"product_name": "Tarallini", "brand": "snack_day", "regular_price": 2.99, "selling_price": 2.99, "price_per_unit": "pro 500g | 100g = 0.60 CHF", "breadcrumb": "Sortiment > Sortiment > Tarallini", "pdp_url": "https://sortiment.lidl.ch/de/tarallini-6006892", "product_description": "Artikelnr.: 6006892"}
{"product_name": "Reiswaffeln", "brand": "sondey", "regular_price": 1.89, "selling_price": 1.89, "price_per_unit": "pro 150g, 250g | 100g = 1.26, 0.76 CHF", "breadcrumb": "Sortiment > Sortiment > Reiswaffeln", "pdp_url": "https://sortiment.lidl.ch/de/reiswaffeln-0067771", "product_description": "Artikelnr.: 67771"}
{"product_name": "Knäckebrot", "brand": "", "regular_price": 1.09, "selling_price": 1.09, "price_per_unit": "pro 250g | 100g = 0.44 CHF", "breadcrumb": "Sortiment > Sortiment > Knäckebrot", "pdp_url": "https://sortiment.lidl.ch/de/knaeckebrot-0022865", "product_description": "Artikelnr.: 22865"}
{"product_name": "Bio Reis-/ Maiswaffeln", "brand": "sondey", "regular_price": 0.99, "selling_price": 0.99, "price_per_unit": "pro 130g | 100g = 0.77 CHF", "breadcrumb": "Sortiment > Sortiment > Bio Reis-/ Maiswaffeln", "pdp_url": "https://sortiment.lidl.ch/de/bio-reis-maiswaffeln-0126299", "product_description": "Artikelnr.: 126299"}
{"product_name": "DAR-VIDA Cracker Tomaten&Basilikum", "brand": "dar-vida", "regular_price": 3.95, "selling_price": 3.95, "price_per_unit": "pro 184g | 100g = 2.15 CHF", "breadcrumb": "Sortiment > Sortiment > DAR-VIDA Cracker Tomaten&Basilikum", "pdp_url": "https://sortiment.lidl.ch/de/dar-vida-cracker-tomaten-basilikum-5107407", "product_description": "Artikelnr.: 5107407"}
{"product_name": "DAR-VIDA Cracker Nature", "brand": "dar-vida", "regular_price": 3.95, "selling_price": 3.95, "price_per_unit": "pro 375g | 100g = 1.06 CHF", "breadcrumb": "Sortiment > Sortiment > DAR-VIDA Cracker Nature", "pdp_url": "https://sortiment.lidl.ch/de/dar-vida-cracker-nature-5107406", "product_description": "Artikelnr.: 5107406"}
{"product_name": "HUG Zwieback Original", "brand": "hug", "regular_price": 4.19, "selling_price": 4.19, "price_per_unit": "pro 250g | 100g = 1.68 CHF", "breadcrumb": "Sortiment > Sortiment > HUG Zwieback Original", "pdp_url": "https://sortiment.lidl.ch/de/hug-zwieback-original-5104523", "product_description": "Artikelnr.: 5104523"}
{"product_name": "DAR-VIDA Cracker Thymian & Salz", "brand": "dar-vida", "regular_price": 3.95, "selling_price": 3.95, "price_per_unit": "pro 184g | 100g = 2.15 CHF", "breadcrumb": "Sortiment > Sortiment > DAR-VIDA Cracker Thymian & Salz", "pdp_url": "https://sortiment.lidl.ch/de/dar-vida-cracker-thymian-salz-5103657", "product_description": "Artikelnr.: 5103657"}
{"product_name": "DAR-VIDA Cracker mit Käse", "brand": "dar-vida", "regular_price": 3.95, "selling_price": 3.95, "price_per_unit": "pro 184g | 100g = 2.15 CHF", "breadcrumb": "Sortiment > Sortiment > DAR-VIDA Cracker mit Käse", "pdp_url": "https://sortiment.lidl.ch/de/dar-vida-cracker-mit-kaese-5103656", "product_description": "Artikelnr.: 5103656"}
{"product_name": "DAR-VIDA Cracker Choco au lait", "brand": "dar-vida", "regular_price": 4.95, "selling_price": 4.95, "price_per_unit": "pro 184g | 100g = 2.70 CHF", "breadcrumb": "Sortiment > Sortiment > DAR-VIDA Cracker Choco au lait", "pdp_url": "https://sortiment.lidl.ch/de/dar-vida-cracker-choco-au-lait-5103655", "product_description": "Artikelnr.: 5103655"}
{"product_name": "Aprikosen Croissant", "brand": "nastrecce", "regular_price": 3.99, "selling_price": 3.99, "price_per_unit": "pro 500g | 100g = 0.80 CHF", "breadcrumb": "Sortiment > Sortiment > Aprikosen Croissant", "pdp_url": "https://sortiment.lidl.ch/de/aprikosen-croissant-6000212", "product_description": "Artikelnr.: 6000212"}
{"product_name": "Schoko Brötchen", "brand": "maitre_jean_pierre", "regular_price": 2.49, "selling_price": 2.49, "price_per_unit": "pro 360g | 100g = 0.70 CHF", "breadcrumb": "Sortiment > Sortiment > Schoko Brötchen", "pdp_url": "https://sortiment.lidl.ch/de/schoko-broetchen-0124646", "product_description": "Artikelnr.: 124646"}
{"product_name": "Brioche-Brötchen", "brand": "maitre_jean_pierre", "regular_price": 3.49, "selling_price": 3.49, "price_per_unit": "pro 320g | 100g = 1.10 CHF", "breadcrumb": "Sortiment > Sortiment > Brioche-Brötchen", "pdp_url": "https://sortiment.lidl.ch/de/brioche-broetchen-0108883", "product_description": "Artikelnr.: 108883"}
{"product_name": "Croissant mit Nuss-Nougat", "brand": "maitre_jean_pierre", "regular_price": 1.99, "selling_price": 1.99, "price_per_unit": "pro 5x48g | 100g = 0.83 CHF", "breadcrumb": "Sortiment > Sortiment > Croissant mit Nuss-Nougat", "pdp_url": "https://sortiment.lidl.ch/de/croissant-mit-nuss-nougat-0074867", "product_description": "Artikelnr.: 74867"}
{"product_name": "Madeleines", "brand": "maitre_jean_pierre", "regular_price": 2.59, "selling_price": 2.59, "price_per_unit": "pro 250g | 100g = 1.04 CHF", "breadcrumb": "Sortiment > Sortiment > Madeleines", "pdp_url": "https://sortiment.lidl.ch/de/madeleines-0074451", "product_description": "Artikelnr.: 74451"}
{"product_name": "Butter Croissants", "brand": "", "regular_price": 1.69, "selling_price": 1.69, "price_per_unit": "pro 200g | 100g = 0.85 CHF", "breadcrumb": "Sortiment > Sortiment > Butter Croissants", "pdp_url": "https://sortiment.lidl.ch/de/butter-croissants-0022694", "product_description": "Artikelnr.: 22694"}
{"product_name": "Steam Brew Craft Bier", "brand": "", "regular_price": 1.19, "selling_price": 1.19, "price_per_unit": "pro 0,5l | 1L = 2.38 CHF", "breadcrumb": "Sortiment > Sortiment > Steam Brew Craft Bier", "pdp_url": "https://sortiment.lidl.ch/de/steam-brew-craft-bier-0137231", "product_description": "Artikelnr.: 137231"}
{"product_name": "Feldschlösschen Bier Alkoholfrei", "brand": "feldschlosschen", "regular_price": 11.49, "selling_price": 11.49, "price_per_unit": "pro 6x0,5l | 1L = 3.83 CHF", "breadcrumb": "Sortiment > Sortiment > Feldschlösschen Bier Alkoholfrei", "pdp_url": "https://sortiment.lidl.ch/de/feldschloesschen-bier-alkoholfrei-5107172", "product_description": "Artikelnr.: 5107172"}
{"product_name": "Schweizer Bier Naturtrüb", "brand": "gletscherbrau", "regular_price": 7.99, "selling_price": 7.99, "price_per_unit": "pro 10x0,33l | 1L = 2.43 CHF", "breadcrumb": "Sortiment > Sortiment > Schweizer Bier Naturtrüb", "pdp_url": "https://sortiment.lidl.ch/de/schweizer-bier-naturtrueb-5106814", "product_description": "Artikelnr.: 5106814"}
{"product_name": "Schweizer Panaché", "brand": "gletscherbrau", "regular_price": 0.75, "selling_price": 0.75, "price_per_unit": "pro 500ml | 1L = 1.50 CHF", "breadcrumb": "Sortiment > Sortiment > Schweizer Panaché", "pdp_url": "https://sortiment.lidl.ch/de/schweizer-panache-5106813", "product_description": "Artikelnr.: 5106813"}
{"product_name": "Sagres Mini Bier", "brand": "", "regular_price": 8.49, "selling_price": 8.49, "price_per_unit": "pro 10x0,25l | 1L = 3.40 CHF", "breadcrumb": "Sortiment > Sortiment > Sagres Mini Bier", "pdp_url": "https://sortiment.lidl.ch/de/sagres-mini-bier-5106676", "product_description": "Artikelnr.: 5106676"}
{"product_name": "Feldschlösschen Bier Braufrisch", "brand": "feldschlosschen", "regular_price": 11.95, "selling_price": 11.95, "price_per_unit": "pro 6x0,5l | 1L = 3.99 CHF", "breadcrumb": "Sortiment > Sortiment > Feldschlösschen Bier Braufrisch", "pdp_url": "https://sortiment.lidl.ch/de/feldschloesschen-bier-braufrisch-5105968", "product_description": "Artikelnr.: 5105968 5% Vol."}
{"product_name": "Feldschlösschen Bier Original", "brand": "feldschlosschen", "regular_price": 11.49, "selling_price": 11.49, "price_per_unit": "pro 6x0,5l | 1L = 3.83 CHF", "breadcrumb": "Sortiment > Sortiment > Feldschlösschen Bier Original", "pdp_url": "https://sortiment.lidl.ch/de/feldschloesschen-bier-original-5105967", "product_description": "Artikelnr.: 5105967"}
{"product_name": "Feldschlösschen Bier Original", "brand": "feldschlosschen", "regular_price": 12.49, "selling_price": 12.49, "price_per_unit": "pro 10x0,33l | 1L = 3.79 CHF", "breadcrumb": "Sortiment > Sortiment > Feldschlösschen Bier Original", "pdp_url": "https://sortiment.lidl.ch/de/feldschloesschen-bier-original-5105966", "product_description": "Artikelnr.: 5105966"}
{"product_name": "Super Bock Bier", "brand": "super_bock", "regular_price": 6.95, "selling_price": 6.95, "price_per_unit": "pro 6x0,33l | 1L = 3.52 CHF", "breadcrumb": "Sortiment > Sortiment > Super Bock Bier", "pdp_url": "https://sortiment.lidl.ch/de/super-bock-bier-5103507", "product_description": "Artikelnr.: 5103507"}
{"product_name": "Schweizer Lagerbier", "brand": "gletscherbrau", "regular_price": 4.49, "selling_price": 4.49, "price_per_unit": "pro 6x0,5l | 1L = 1.50 CHF", "breadcrumb": "Sortiment > Sortiment > Schweizer Lagerbier", "pdp_url": "https://sortiment.lidl.ch/de/schweizer-lagerbier-5102998", "product_description": "Artikelnr.: 5102998"}
{"product_name": "Hefeweizen", "brand": "perlenbacher", "regular_price": 0.69, "selling_price": 0.69, "price_per_unit": "pro 0,5l | 1L = 1.38 CHF", "breadcrumb": "Sortiment > Sortiment > Hefeweizen", "pdp_url": "https://sortiment.lidl.ch/de/hefeweizen-0039242", "product_description": "Artikelnr.: 39242"}
{"product_name": "Strong Beer 7.9% Vol", "brand": "perlenbacher", "regular_price": 0.99, "selling_price": 0.99, "price_per_unit": "pro 0,5l | 1L = 1.98 CHF", "breadcrumb": "Sortiment > Sortiment > Strong Beer 7.9% Vol", "pdp_url": "https://sortiment.lidl.ch/de/strong-beer-7-9-vol-0021122", "product_description": "Artikelnr.: 21122"}
{"product_name": "Schweizer Lagerbier", "brand": "gletscherbrau", "regular_price": 6.89, "selling_price": 6.89, "price_per_unit": "pro 10x0,33l | 1L = 2.09 CHF", "breadcrumb": "Sortiment > Sortiment > Schweizer Lagerbier", "pdp_url": "https://sortiment.lidl.ch/de/schweizer-lagerbier-0001290", "product_description": "Artikelnr.: 1290"}
{"product_name": "Somersby Apple Original", "brand": "somersby", "regular_price": 11.49, "selling_price": 11.49, "price_per_unit": "pro 4x0,5l | 1L = 5.75 CHF", "breadcrumb": "Sortiment > Sortiment > Somersby Apple Original", "pdp_url": "https://sortiment.lidl.ch/de/somersby-apple-original-5105971", "product_description": "Artikelnr.: 5105971"}
{"product_name": "Jägermeister Mini", "brand": "", "regular_price": 1.65, "selling_price": 1.65, "price_per_unit": "pro 2cl | 100ML = 8.25 CHF", "breadcrumb": "Sortiment > Sortiment > Jägermeister Mini", "pdp_url": "https://sortiment.lidl.ch/de/jaegermeister-mini-5106344", "product_description": "Artikelnr.: 5106344"}
{"product_name": "Aperol", "brand": "", "regular_price": 17.89, "selling_price": 14.35, "price_per_unit": "pro 0,7l | 1L = 20.50 CHF", "breadcrumb": "Sortiment > Sortiment > Aperol", "pdp_url": "https://sortiment.lidl.ch/de/aperol-5103740", "product_description": "Artikelnr.: 5103740"}
{"product_name": "Campari Bitter", "brand": "", "regular_price": 24.89, "selling_price": 21.95, "price_per_unit": "pro 1l |", "breadcrumb": "Sortiment > Sortiment > Campari Bitter", "pdp_url": "https://sortiment.lidl.ch/de/campari-bitter-5103739", "product_description": "Artikelnr.: 5103739"}
{"product_name": "Limoncino", "brand": "", "regular_price": 10.99, "selling_price": 10.99, "price_per_unit": "pro 0,5l | 1L = 21.98 CHF", "breadcrumb": "Sortiment > Sortiment > Limoncino", "pdp_url": "https://sortiment.lidl.ch/de/limoncino-0088379", "product_description": "Artikelnr.: 88379"}
{"product_name": "Bitter Aperitiv", "brand": "bitterol", "regular_price": 6.95, "selling_price": 6.95, "price_per_unit": "pro 0,7l | 1L = 9.93 CHF", "breadcrumb": "Sortiment > Sortiment > Bitter Aperitiv", "pdp_url": "https://sortiment.lidl.ch/de/bitter-aperitiv-0070927", "product_description": "Artikelnr.: 70927"}
{"product_name": "Eierlikör", "brand": "", "regular_price": 8.95, "selling_price": 8.95, "price_per_unit": "pro 0,7l | 1L = 12.79 CHF", "breadcrumb": "Sortiment > Sortiment > Eierlikör", "pdp_url": "https://sortiment.lidl.ch/de/eierlikoer-0068174", "product_description": "Artikelnr.: 68174"}
{"product_name": "Cream Liqueur", "brand": "queen_margot", "regular_price": 7.49, "selling_price": 7.49, "price_per_unit": "pro 0,7l | 1L = 10.70 CHF", "breadcrumb": "Sortiment > Sortiment > Cream Liqueur", "pdp_url": "https://sortiment.lidl.ch/de/cream-liqueur-0039978", "product_description": "Artikelnr.: 39978"}
{"product_name": "Crema di Limoncino", "brand": "", "regular_price": 9.99, "selling_price": 9.99, "price_per_unit": "pro 0,5l | 1L = 19.98 CHF", "breadcrumb": "Sortiment > Sortiment > Crema di Limoncino", "pdp_url": "https://sortiment.lidl.ch/de/crema-di-limoncino-0021746", "product_description": "Artikelnr.: 21746"}
{"product_name": "Boonekamp", "brand": "domritter", "regular_price": 2.99, "selling_price": 2.99, "price_per_unit": "pro 4x0,02l | 1L = 37.38 CHF", "breadcrumb": "Sortiment > Sortiment > Boonekamp", "pdp_url": "https://sortiment.lidl.ch/de/boonekamp-0019445", "product_description": "Artikelnr.: 19445"}
{"product_name": "Crema di Latte Macchiato", "brand": "", "regular_price": 9.99, "selling_price": 9.99, "price_per_unit": "pro 0,5l | 1L = 19.98 CHF", "breadcrumb": "Sortiment > Sortiment > Crema di Latte Macchiato", "pdp_url": "https://sortiment.lidl.ch/de/crema-di-latte-macchiato-0019006", "product_description": "Artikelnr.: 19006"}
{"product_name": "Baileys Original", "brand": "", "regular_price": 19.89, "selling_price": 19.89, "price_per_unit": "pro 0,7l | 1L = 28.42 CHF", "breadcrumb": "Sortiment > Sortiment > Baileys Original", "pdp_url": "https://sortiment.lidl.ch/de/baileys-original-0006281", "product_description": "Artikelnr.: 6281"}
{"product_name": "Jägermeister", "brand": "", "regular_price": 20.89, "selling_price": 20.89, "price_per_unit": "pro 0,7l | 1L = 29.85 CHF", "breadcrumb": "Sortiment > Sortiment > Jägermeister", "pdp_url": "https://sortiment.lidl.ch/de/jaegermeister-0002752", "product_description": "Artikelnr.: 2752"}
{"product_name": "Ballantine's Finest Scotch Whisky", "brand": "ballantines", "regular_price": 19.95, "selling_price": 19.95, "price_per_unit": "pro 0,7l | 1L = 28.50 CHF", "breadcrumb": "Sortiment > Sortiment > Ballantine's Finest Scotch Whisky", "pdp_url": "https://sortiment.lidl.ch/de/ballantine-s-finest-scotch-whisky-5107973", "product_description": "Artikelnr.: 5107973"}
{"product_name": "Blended Scotch Whisky 3 Jahre", "brand": "queen_margot", "regular_price": 13.95, "selling_price": 13.95, "price_per_unit": "pro 0,7l | 1L = 19.93 CHF", "breadcrumb": "Sortiment > Sortiment > Blended Scotch Whisky 3 Jahre", "pdp_url": "https://sortiment.lidl.ch/de/blended-scotch-whisky-3-jahre-5200218", "product_description": "Artikelnr.: 5200218"}
{"product_name": "Captain Morgan Spiced Gold", "brand": "", "regular_price": 20.89, "selling_price": 20.89, "price_per_unit": "pro 0,7l | 1L = 29.85 CHF", "breadcrumb": "Sortiment > Sortiment > Captain Morgan Spiced Gold", "pdp_url": "https://sortiment.lidl.ch/de/captain-morgan-spiced-gold-5103493", "product_description": "Artikelnr.: 5103493"}
{"product_name": "Blended Scotch Whisky 5 Jahre", "brand": "queen_margot", "regular_price": 19.99, "selling_price": 19.99, "price_per_unit": "pro 0,7l | 1L = 28.56 CHF", "breadcrumb": "Sortiment > Sortiment > Blended Scotch Whisky 5 Jahre", "pdp_url": "https://sortiment.lidl.ch/de/blended-scotch-whisky-5-jahre-0128101", "product_description": "Artikelnr.: 128101"}
{"product_name": "Bourbon Whiskey", "brand": "western_gold", "regular_price": 18.49, "selling_price": 18.49, "price_per_unit": "pro 0,7l | 1L = 26.42 CHF", "breadcrumb": "Sortiment > Sortiment > Bourbon Whiskey", "pdp_url": "https://sortiment.lidl.ch/de/bourbon-whiskey-0039987", "product_description": "Artikelnr.: 39987"}
{"product_name": "Weinbrand", "brand": "majestat", "regular_price": 11.89, "selling_price": 11.89, "price_per_unit": "pro 0,7l | 1L = 16.99 CHF", "breadcrumb": "Sortiment > Sortiment > Weinbrand", "pdp_url": "https://sortiment.lidl.ch/de/weinbrand-0039960", "product_description": "Artikelnr.: 39960"}
{"product_name": "Pastis", "brand": "", "regular_price": 19.89, "selling_price": 19.89, "price_per_unit": "pro 1l |", "breadcrumb": "Sortiment > Sortiment > Pastis", "pdp_url": "https://sortiment.lidl.ch/de/pastis-0032721", "product_description": "Artikelnr.: 32721"}
{"product_name": "Übersee Rum", "brand": "james_cook", "regular_price": 11.99, "selling_price": 11.99, "price_per_unit": "pro 0,7l | 1L = 17.13 CHF", "breadcrumb": "Sortiment > Sortiment > Übersee Rum", "pdp_url": "https://sortiment.lidl.ch/de/uebersee-rum-0019763", "product_description": "Artikelnr.: 19763"}
{"product_name": "Vieille Prune Védrenne", "brand": "", "regular_price": 28.49, "selling_price": 28.49, "price_per_unit": "pro 0,7l | 1L = 40.70 CHF", "breadcrumb": "Sortiment > Sortiment > Vieille Prune Védrenne", "pdp_url": "https://sortiment.lidl.ch/de/vieille-prune-vedrenne-0001522", "product_description": "Artikelnr.: 1522"}
{"product_name": "Kernobstbrand", "brand": "", "regular_price": 16.39, "selling_price": 16.39, "price_per_unit": "pro 1l |", "breadcrumb": "Sortiment > Sortiment > Kernobstbrand", "pdp_url": "https://sortiment.lidl.ch/de/kernobstbrand-7705011", "product_description": "Artikelnr.: 7705011"}
{"product_name": "Williams Christ Birnenbrand", "brand": "zunftler", "regular_price": 14.49, "selling_price": 14.49, "price_per_unit": "pro 0,7l | 1L = 20.70 CHF", "breadcrumb": "Sortiment > Sortiment > Williams Christ Birnenbrand", "pdp_url": "https://sortiment.lidl.ch/de/williams-christ-birnenbrand-7705010", "product_description": "Artikelnr.: 7705010"}
{"product_name": "Kirschwasser", "brand": "zunftler", "regular_price": 19.29, "selling_price": 19.29, "price_per_unit": "pro 1l |", "breadcrumb": "Sortiment > Sortiment > Kirschwasser", "pdp_url": "https://sortiment.lidl.ch/de/kirschwasser-7705009", "product_description": "Artikelnr.: 7705009"}
{"product_name": "Absolut Vodka", "brand": "", "regular_price": 25.89, "selling_price": 25.89, "price_per_unit": "pro 0,7l | 1L = 36.99 CHF", "breadcrumb": "Sortiment > Sortiment > Absolut Vodka", "pdp_url": "https://sortiment.lidl.ch/de/absolut-vodka-5103300", "product_description": "Artikelnr.: 5103300"}
{"product_name": "Grappa Riserva", "brand": "", "regular_price": 13.19, "selling_price": 13.19, "price_per_unit": "pro 0,5l | 1L = 26.38 CHF", "breadcrumb": "Sortiment > Sortiment > Grappa Riserva", "pdp_url": "https://sortiment.lidl.ch/de/grappa-riserva-0022406", "product_description": "Artikelnr.: 22406"}
{"product_name": "Grappa Bianca", "brand": "", "regular_price": 16.45, "selling_price": 16.45, "price_per_unit": "pro 1l |", "breadcrumb": "Sortiment > Sortiment > Grappa Bianca", "pdp_url": "https://sortiment.lidl.ch/de/grappa-bianca-0019009", "product_description": "Artikelnr.: 19009"}
{"product_name": "Weisser Rum", "brand": "james_cook", "regular_price": 13.49, "selling_price": 13.49, "price_per_unit": "pro 0,7l | 1L = 19.28 CHF", "breadcrumb": "Sortiment > Sortiment > Weisser Rum", "pdp_url": "https://sortiment.lidl.ch/de/weisser-rum-0013242", "product_description": "Artikelnr.: 13242"}
{"product_name": "London Dry Gin", "brand": "castelgy", "regular_price": 11.45, "selling_price": 11.45, "price_per_unit": "pro 0,7l | 1L = 16.36 CHF", "breadcrumb": "Sortiment > Sortiment > London Dry Gin", "pdp_url": "https://sortiment.lidl.ch/de/london-dry-gin-0013236", "product_description": "Artikelnr.: 13236"}
{"product_name": "Original Willisauer Kirsch", "brand": "", "regular_price": 22.49, "selling_price": 22.49, "price_per_unit": "pro 0,7l | 1L = 32.13 CHF", "breadcrumb": "Sortiment > Sortiment > Original Willisauer Kirsch", "pdp_url": "https://sortiment.lidl.ch/de/original-willisauer-kirsch-0002751", "product_description": "Artikelnr.: 2751"}
{"product_name": "Gordon's London Dry Gin", "brand": "gordons", "regular_price": 19.45, "selling_price": 19.45, "price_per_unit": "pro 0,7l | 1L = 27.79 CHF", "breadcrumb": "Sortiment > Sortiment > Gordon's London Dry Gin", "pdp_url": "https://sortiment.lidl.ch/de/gordon-s-london-dry-gin-0002708", "product_description": "Artikelnr.: 2708"}
{"product_name": "Vermouth Rosso", "brand": "", "regular_price": 5.49, "selling_price": 5.49, "price_per_unit": "pro 1l |", "breadcrumb": "Sortiment > Sortiment > Vermouth Rosso", "pdp_url": "https://sortiment.lidl.ch/de/vermouth-rosso-6006417", "product_description": "Artikelnr.: 6006417"}
{"product_name": "Tawny Portwein", "brand": "armilar", "regular_price": 8.99, "selling_price": 8.99, "price_per_unit": "pro 750ml | 1L = 11.99 CHF", "breadcrumb": "Sortiment > Sortiment > Tawny Portwein", "pdp_url": "https://sortiment.lidl.ch/de/tawny-portwein-0027581", "product_description": "Artikelnr.: 27581"}
{"product_name": "Blumenkohl", "brand": "", "regular_price": 3.99, "selling_price": 3.99, "price_per_unit": "pro kg |", "breadcrumb": "Sortiment > Sortiment > Blumenkohl", "pdp_url": "https://sortiment.lidl.ch/de/blumenkohl-0082875", "product_description": "Artikelnr.: 82875"}
{"product_name": "Wirz", "brand": "", "regular_price": 3.79, "selling_price": 3.79, "price_per_unit": "pro 1kg |", "breadcrumb": "Sortiment > Sortiment > Wirz", "pdp_url": "https://sortiment.lidl.ch/de/wirz-0082960", "product_description": "Artikelnr.: 82960"}
{"product_name": "Weisskohl", "brand": "", "regular_price": 2.29, "selling_price": 1.49, "price_per_unit": "pro 1kg |", "breadcrumb": "Sortiment > Sortiment > Weisskohl", "pdp_url": "https://sortiment.lidl.ch/de/weisskohl-0082955", "product_description": "Artikelnr.: 82955"}
{"product_name": "Rotkohl", "brand": "", "regular_price": 2.49, "selling_price": 2.49, "price_per_unit": "pro 1kg |", "breadcrumb": "Sortiment > Sortiment > Rotkohl", "pdp_url": "https://sortiment.lidl.ch/de/rotkohl-0082945", "product_description": "Artikelnr.: 82945"}
{"product_name": "Chinakohl", "brand": "", "regular_price": 2.79, "selling_price": 2.79, "price_per_unit": "pro 1kg |", "breadcrumb": "Sortiment > Sortiment > Chinakohl", "pdp_url": "https://sortiment.lidl.ch/de/chinakohl-0082910", "product_description": "Artikelnr.: 82910"}
{"product_name": "Broccoli", "brand": "", "regular_price": 3.99, "selling_price": 3.99, "price_per_unit": "pro 1kg |", "breadcrumb": "Sortiment > Sortiment > Broccoli", "pdp_url": "https://sortiment.lidl.ch/de/broccoli-0082895", "product_description": "Artikelnr.: 82895"}
{"product_name": "Eisbergsalat", "brand": "", "regular_price": 1.59, "selling_price": 1.59, "price_per_unit": "pro Stück |", "breadcrumb": "Sortiment > Sortiment > Eisbergsalat", "pdp_url": "https://sortiment.lidl.ch/de/eisbergsalat-0082031", "product_description": "Artikelnr.: 82031"}
{"product_name": "Rucola 125g", "brand": "", "regular_price": 0.85, "selling_price": 0.85, "price_per_unit": "pro 125g | 100g = 0.68 CHF", "breadcrumb": "Sortiment > Sortiment > Rucola 125g", "pdp_url": "https://sortiment.lidl.ch/de/rucola-125g-0082135", "product_description": "Artikelnr.: 82135"}
{"product_name": "Eichblattsalat", "brand": "", "regular_price": 1.59, "selling_price": 1.59, "price_per_unit": "pro Stück |", "breadcrumb": "Sortiment > Sortiment > Eichblattsalat", "pdp_url": "https://sortiment.lidl.ch/de/eichblattsalat-0082026", "product_description": "Artikelnr.: 82026"}
{"product_name": "Kopfsalat", "brand": "", "regular_price": 1.59, "selling_price": 1.59, "price_per_unit": "pro Stück |", "breadcrumb": "Sortiment > Sortiment > Kopfsalat", "pdp_url": "https://sortiment.lidl.ch/de/kopfsalat-0082071", "product_description": "Artikelnr.: 82071"}
{"product_name": "Bio Rucola 100g", "brand": "bio_organic", "regular_price": 1.99, "selling_price": 1.99, "price_per_unit": "pro 100g |", "breadcrumb": "Sortiment > Sortiment > Bio Rucola 100g", "pdp_url": "https://sortiment.lidl.ch/de/bio-rucola-100g-0084520", "product_description": "Artikelnr.: 84520"}
{"product_name": "Kopfsalat rot", "brand": "", "regular_price": 1.59, "selling_price": 1.59, "price_per_unit": "pro Stück |", "breadcrumb": "Sortiment > Sortiment > Kopfsalat rot", "pdp_url": "https://sortiment.lidl.ch/de/kopfsalat-rot-0082072", "product_description": "Artikelnr.: 82072"}
{"product_name": "Kopfsalatherzen 2 Stück", "brand": "", "regular_price": 2.99, "selling_price": 2.99, "price_per_unit": "pro 2 Stück |", "breadcrumb": "Sortiment > Sortiment > Kopfsalatherzen 2 Stück", "pdp_url": "https://sortiment.lidl.ch/de/kopfsalatherzen-2-stueck-0082069", "product_description": "Artikelnr.: 82069"}
{"product_name": "Chicorée 500g", "brand": "", "regular_price": 1.99, "selling_price": 1.99, "price_per_unit": "pro 500g | 1Kg = 3.98 CHF", "breadcrumb": "Sortiment > Sortiment > Chicorée 500g", "pdp_url": "https://sortiment.lidl.ch/de/chicoree-500g-0082015", "product_description": "Artikelnr.: 82015"}
{"product_name": "Dattelcherry-Tomaten 250g", "brand": "", "regular_price": 2.79, "selling_price": 2.79, "price_per_unit": "pro 250g | 100g = 1.12 CHF", "breadcrumb": "Sortiment > Sortiment > Dattelcherry-Tomaten 250g", "pdp_url": "https://sortiment.lidl.ch/de/dattelcherry-tomaten-250g-0082407", "product_description": "Artikelnr.: 82407"}
{"product_name": "Bio Rispentomaten 500g", "brand": "bio_organic", "regular_price": 3.49, "selling_price": 3.49, "price_per_unit": "pro 500g | 1Kg = 6.98 CHF", "breadcrumb": "Sortiment > Sortiment > Bio Rispentomaten 500g", "pdp_url": "https://sortiment.lidl.ch/de/bio-rispentomaten-500g-0084570", "product_description": "Artikelnr.: 84570"}
{"product_name": "BIO Dattel-Cherrytomaten 250g", "brand": "bio_organic", "regular_price": 3.99, "selling_price": 3.99, "price_per_unit": "pro 250g | 100g = 1.60 CHF", "breadcrumb": "Sortiment > Sortiment > BIO Dattel-Cherrytomaten 250g", "pdp_url": "https://sortiment.lidl.ch/de/bio-dattel-cherrytomaten-250g-0084560", "product_description": "Artikelnr.: 84560"}
{"product_name": "Tomaten San Marzano", "brand": "", "regular_price": 3.75, "selling_price": 3.75, "price_per_unit": "pro 1kg |", "breadcrumb": "Sortiment > Sortiment > Tomaten San Marzano", "pdp_url": "https://sortiment.lidl.ch/de/tomaten-san-marzano-0082505", "product_description": "Artikelnr.: 82505"}
{"product_name": "Tomaten Coeur de Boeuf", "brand": "", "regular_price": 4.49, "selling_price": 4.49, "price_per_unit": "pro 1kg |", "breadcrumb": "Sortiment > Sortiment > Tomaten Coeur de Boeuf", "pdp_url": "https://sortiment.lidl.ch/de/tomaten-coeur-de-boeuf-0082500", "product_description": "Artikelnr.: 82500"}
{"product_name": "Tomaten 1kg", "brand": "", "regular_price": 2.49, "selling_price": 2.49, "price_per_unit": "pro 1kg |", "breadcrumb": "Sortiment > Sortiment > Tomaten 1kg", "pdp_url": "https://sortiment.lidl.ch/de/tomaten-1kg-0082488", "product_description": "Artikelnr.: 82488"}
{"product_name": "Tomaten", "brand": "", "regular_price": 2.95, "selling_price": 2.95, "price_per_unit": "pro 1kg |", "breadcrumb": "Sortiment > Sortiment > Tomaten", "pdp_url": "https://sortiment.lidl.ch/de/tomaten-0082480", "product_description": "Artikelnr.: 82480"}
{"product_name": "Rispentomaten", "brand": "", "regular_price": 3.59, "selling_price": 3.59, "price_per_unit": "pro 1kg |", "breadcrumb": "Sortiment > Sortiment > Rispentomaten", "pdp_url": "https://sortiment.lidl.ch/de/rispentomaten-0082465", "product_description": "Artikelnr.: 82465"}
{"product_name": "Romatomaten 500g", "brand": "", "regular_price": 1.79, "selling_price": 1.79, "price_per_unit": "pro 500g | 1Kg = 3.58 CHF", "breadcrumb": "Sortiment > Sortiment > Romatomaten 500g", "pdp_url": "https://sortiment.lidl.ch/de/romatomaten-500g-0082446", "product_description": "Artikelnr.: 82446"}
{"product_name": "Cherryrispen-Tomaten 200g", "brand": "deluxe", "regular_price": 2.29, "selling_price": 2.29, "price_per_unit": "pro 200g | 100g = 1.15 CHF", "breadcrumb": "Sortiment > Sortiment > Cherryrispen-Tomaten 200g", "pdp_url": "https://sortiment.lidl.ch/de/cherryrispen-tomaten-200g-0082437", "product_description": "Artikelnr.: 82437"}
{"product_name": "Cherryrispen-Tomaten 500g", "brand": "", "regular_price": 4.49, "selling_price": 4.49, "price_per_unit": "pro 500g | 1Kg = 8.98 CHF", "breadcrumb": "Sortiment > Sortiment > Cherryrispen-Tomaten 500g", "pdp_url": "https://sortiment.lidl.ch/de/cherryrispen-tomaten-500g-0082388", "product_description": "Artikelnr.: 82388"}
{"product_name": "Lauchzwiebeln", "brand": "", "regular_price": 1.59, "selling_price": 1.59, "price_per_unit": "pro Stück |", "breadcrumb": "Sortiment > Sortiment > Lauchzwiebeln", "pdp_url": "https://sortiment.lidl.ch/de/lauchzwiebeln-0082236", "product_description": "Artikelnr.: 82236"}
{"product_name": "Gurke", "brand": "", "regular_price": 1.49, "selling_price": 1.49, "price_per_unit": "pro Stück |", "breadcrumb": "Sortiment > Sortiment > Gurke", "pdp_url": "https://sortiment.lidl.ch/de/gurke-0082231", "product_description": "Artikelnr.: 82231"}
{"product_name": "Bio Zucchetti 500g", "brand": "bio_organic", "regular_price": 2.49, "selling_price": 2.49, "price_per_unit": "pro 500g | 1Kg = 4.98 CHF", "breadcrumb": "Sortiment > Sortiment > Bio Zucchetti 500g", "pdp_url": "https://sortiment.lidl.ch/de/bio-zucchetti-500g-0084545", "product_description": "Artikelnr.: 84545"}
{"product_name": "Auberginen", "brand": "", "regular_price": 3.49, "selling_price": 3.49, "price_per_unit": "pro 1kg |", "breadcrumb": "Sortiment > Sortiment > Auberginen", "pdp_url": "https://sortiment.lidl.ch/de/auberginen-0082180", "product_description": "Artikelnr.: 82180"}
{"product_name": "Bio Gurke", "brand": "bio_organic", "regular_price": 2.29, "selling_price": 2.29, "price_per_unit": "pro Stück |", "breadcrumb": "Sortiment > Sortiment > Bio Gurke", "pdp_url": "https://sortiment.lidl.ch/de/bio-gurke-0084535", "product_description": "Artikelnr.: 84535"}
{"product_name": "Bio Auberginen 500g", "brand": "bio_organic", "regular_price": 3.29, "selling_price": 3.29, "price_per_unit": "pro 500g | 1Kg = 6.58 CHF", "breadcrumb": "Sortiment > Sortiment > Bio Auberginen 500g", "pdp_url": "https://sortiment.lidl.ch/de/bio-auberginen-500g-0084526", "product_description": "Artikelnr.: 84526"}
{"product_name": "Zucchetti", "brand": "", "regular_price": 2.89, "selling_price": 2.89, "price_per_unit": "pro 1kg |", "breadcrumb": "Sortiment > Sortiment > Zucchetti", "pdp_url": "https://sortiment.lidl.ch/de/zucchetti-0082345", "product_description": "Artikelnr.: 82345"}
{"product_name": "Stangenbohnen 500g", "brand": "", "regular_price": 2.35, "selling_price": 2.35, "price_per_unit": "pro 500g | 1Kg = 4.70 CHF", "breadcrumb": "Sortiment > Sortiment > Stangenbohnen 500g", "pdp_url": "https://sortiment.lidl.ch/de/stangenbohnen-500g-0082327", "product_description": "Artikelnr.: 82327"}
{"product_name": "Spinat 500g", "brand": "", "regular_price": 3.49, "selling_price": 3.49, "price_per_unit": "pro 500g | 1Kg = 6.98 CHF", "breadcrumb": "Sortiment > Sortiment > Spinat 500g", "pdp_url": "https://sortiment.lidl.ch/de/spinat-500g-0082319", "product_description": "Artikelnr.: 82319"}
{"product_name": "Radieschen 250g", "brand": "", "regular_price": 1.49, "selling_price": 1.49, "price_per_unit": "pro Stück |", "breadcrumb": "Sortiment > Sortiment > Radieschen 250g", "pdp_url": "https://sortiment.lidl.ch/de/radieschen-250g-0082275", "product_description": "Artikelnr.: 82275"}
{"product_name": "Stangenlauch", "brand": "", "regular_price": 4.79, "selling_price": 4.79, "price_per_unit": "pro 1kg |", "breadcrumb": "Sortiment > Sortiment > Stangenlauch", "pdp_url": "https://sortiment.lidl.ch/de/stangenlauch-0082255", "product_description": "Artikelnr.: 82255"}
{"product_name": "Snack Gurken 250g", "brand": "", "regular_price": 1.99, "selling_price": 1.99, "price_per_unit": "pro 250g | 100g = 0.80 CHF", "breadcrumb": "Sortiment > Sortiment > Snack Gurken 250g", "pdp_url": "https://sortiment.lidl.ch/de/snack-gurken-250g-0082241", "product_description": "Artikelnr.: 82241"}
{"product_name": "Gurke Nostrano", "brand": "", "regular_price": 3.49, "selling_price": 3.49, "price_per_unit": "pro 1kg |", "breadcrumb": "Sortiment > Sortiment > Gurke Nostrano", "pdp_url": "https://sortiment.lidl.ch/de/gurke-nostrano-0082225", "product_description": "Artikelnr.: 82225"}
{"product_name": "Buschbohnen 500g", "brand": "", "regular_price": 3.59, "selling_price": 3.59, "price_per_unit": "pro 500g | 1Kg = 7.18 CHF", "breadcrumb": "Sortiment > Sortiment > Buschbohnen 500g", "pdp_url": "https://sortiment.lidl.ch/de/buschbohnen-500g-0082212", "product_description": "Artikelnr.: 82212"}
{"product_name": "Bio Zwiebeln 500g", "brand": "bio_organic", "regular_price": 2.29, "selling_price": 2.29, "price_per_unit": "pro 500g | 1Kg = 4.58 CHF", "breadcrumb": "Sortiment > Sortiment > Bio Zwiebeln 500g", "pdp_url": "https://sortiment.lidl.ch/de/bio-zwiebeln-500g-0084665", "product_description": "Artikelnr.: 84665"}
{"product_name": "Bio Kartoffeln mehligkochend 1kg", "brand": "bio_organic", "regular_price": 2.79, "selling_price": 2.79, "price_per_unit": "pro 1kg |", "breadcrumb": "Sortiment > Sortiment > Bio Kartoffeln mehligkochend 1kg", "pdp_url": "https://sortiment.lidl.ch/de/bio-kartoffeln-mehligkochend-1kg-0084669", "product_description": "Artikelnr.: 84669"}
{"product_name": "Bio Kartoffeln festkochend 1kg", "brand": "bio_organic", "regular_price": 2.79, "selling_price": 2.79, "price_per_unit": "pro 1kg |", "breadcrumb": "Sortiment > Sortiment > Bio Kartoffeln festkochend 1kg", "pdp_url": "https://sortiment.lidl.ch/de/bio-kartoffeln-festkochend-1kg-0084660", "product_description": "Artikelnr.: 84660"}
{"product_name": "Zwiebeln rot 1kg", "brand": "", "regular_price": 1.79, "selling_price": 1.79, "price_per_unit": "pro 1kg |", "breadcrumb": "Sortiment > Sortiment > Zwiebeln rot 1kg", "pdp_url": "https://sortiment.lidl.ch/de/zwiebeln-rot-1kg-0083352", "product_description": "Artikelnr.: 83352"}
{"product_name": "Zwiebeln 2kg", "brand": "", "regular_price": 2.99, "selling_price": 2.99, "price_per_unit": "pro 2kg | 1Kg = 1.50 CHF", "breadcrumb": "Sortiment > Sortiment > Zwiebeln 2kg", "pdp_url": "https://sortiment.lidl.ch/de/zwiebeln-2kg-0083333", "product_description": "Artikelnr.: 83333"}
{"product_name": "Zwiebeln gelb", "brand": "", "regular_price": 1.59, "selling_price": 1.59, "price_per_unit": "pro 1kg |", "breadcrumb": "Sortiment > Sortiment > Zwiebeln gelb", "pdp_url": "https://sortiment.lidl.ch/de/zwiebeln-gelb-0083325", "product_description": "Artikelnr.: 83325"}
{"product_name": "Baked Potatoes 5kg", "brand": "", "regular_price": 5.99, "selling_price": 5.99, "price_per_unit": "pro 5kg | 1Kg = 1.20 CHF", "breadcrumb": "Sortiment > Sortiment > Baked Potatoes 5kg", "pdp_url": "https://sortiment.lidl.ch/de/baked-potatoes-5kg-0083318", "product_description": "Artikelnr.: 83318"}
{"product_name": "Kartoffeln mehligkochend 2kg", "brand": "", "regular_price": 2.66, "selling_price": 2.66, "price_per_unit": "pro 2kg | 1Kg = 1.33 CHF", "breadcrumb": "Sortiment > Sortiment > Kartoffeln mehligkochend 2kg", "pdp_url": "https://sortiment.lidl.ch/de/kartoffeln-mehligkochend-2kg-0083274", "product_description": "Artikelnr.: 83274"}
{"product_name": "Kartoffeln festkochend 2kg", "brand": "", "regular_price": 2.66, "selling_price": 2.66, "price_per_unit": "pro 2kg | 1Kg = 1.33 CHF", "breadcrumb": "Sortiment > Sortiment > Kartoffeln festkochend 2kg", "pdp_url": "https://sortiment.lidl.ch/de/kartoffeln-festkochend-2kg-0083224", "product_description": "Artikelnr.: 83224"}
{"product_name": "Kartoffeln Raclette 1kg", "brand": "", "regular_price": 1.49, "selling_price": 1.49, "price_per_unit": "pro 1kg |", "breadcrumb": "Sortiment > Sortiment > Kartoffeln Raclette 1kg", "pdp_url": "https://sortiment.lidl.ch/de/kartoffeln-raclette-1kg-0083222", "product_description": "Artikelnr.: 83222"}
{"product_name": "Kartoffeln Les Royales", "brand": "", "regular_price": 1.39, "selling_price": 1.39, "price_per_unit": "pro 1kg |", "breadcrumb": "Sortiment > Sortiment > Kartoffeln Les Royales", "pdp_url": "https://sortiment.lidl.ch/de/kartoffeln-les-royales-0083215", "product_description": "Artikelnr.: 83215"}
{"product_name": "Bio Gartenkräuter", "brand": "bio_organic", "regular_price": 1.99, "selling_price": 1.99, "price_per_unit": "pro Stück |", "breadcrumb": "Sortiment > Sortiment > Bio Gartenkräuter", "pdp_url": "https://sortiment.lidl.ch/de/bio-gartenkraeuter-0084647", "product_description": "Artikelnr.: 84647"}
{"product_name": "Champignons weiss 400g", "brand": "", "regular_price": 1.59, "selling_price": 1.59, "price_per_unit": "pro 400g | 100g = 0.40 CHF", "breadcrumb": "Sortiment > Sortiment > Champignons weiss 400g", "pdp_url": "https://sortiment.lidl.ch/de/champignons-weiss-400g-0083017", "product_description": "Artikelnr.: 83017"}
{"product_name": "Champignons weiss 250g", "brand": "", "regular_price": 1.69, "selling_price": 1.69, "price_per_unit": "pro 250g | 100g = 0.68 CHF", "breadcrumb": "Sortiment > Sortiment > Champignons weiss 250g", "pdp_url": "https://sortiment.lidl.ch/de/champignons-weiss-250g-0083015", "product_description": "Artikelnr.: 83015"}
{"product_name": "Zuckermais gekocht 400g", "brand": "", "regular_price": 1.49, "selling_price": 1.49, "price_per_unit": "pro 400g | 100g = 0.38 CHF", "breadcrumb": "Sortiment > Sortiment > Zuckermais gekocht 400g", "pdp_url": "https://sortiment.lidl.ch/de/zuckermais-gekocht-400g-0082864", "product_description": "Artikelnr.: 82864"}
{"product_name": "Ingwer", "brand": "", "regular_price": 4.99, "selling_price": 4.99, "price_per_unit": "pro 1kg |", "breadcrumb": "Sortiment > Sortiment > Ingwer", "pdp_url": "https://sortiment.lidl.ch/de/ingwer-0082700", "product_description": "Artikelnr.: 82700"}
{"product_name": "Bio Muskat Kürbis", "brand": "bio_organic", "regular_price": 3.99, "selling_price": 3.99, "price_per_unit": "pro 1kg |", "breadcrumb": "Sortiment > Sortiment > Bio Muskat Kürbis", "pdp_url": "https://sortiment.lidl.ch/de/bio-muskat-kuerbis-0084677", "product_description": "Artikelnr.: 84677"}
{"product_name": "BIO Organic Bio Randen", "brand": "bio_organic", "regular_price": 3.99, "selling_price": 3.99, "price_per_unit": "pro 1kg |", "breadcrumb": "Sortiment > Sortiment > BIO Organic Bio Randen", "pdp_url": "https://sortiment.lidl.ch/de/bio-organic-bio-randen-0084634", "product_description": "Artikelnr.: 84634"}
{"product_name": "Bio Pastinaken 500g", "brand": "bio_organic", "regular_price": 1.99, "selling_price": 1.99, "price_per_unit": "pro 500g | 1Kg = 3.98 CHF", "breadcrumb": "Sortiment > Sortiment > Bio Pastinaken 500g", "pdp_url": "https://sortiment.lidl.ch/de/bio-pastinaken-500g-0084626", "product_description": "Artikelnr.: 84626"}
{"product_name": "Bio Rüebli 1kg", "brand": "bio_organic", "regular_price": 3.29, "selling_price": 3.29, "price_per_unit": "pro 1kg |", "breadcrumb": "Sortiment > Sortiment > Bio Rüebli 1kg", "pdp_url": "https://sortiment.lidl.ch/de/bio-rueebli-1kg-0084611", "product_description": "Artikelnr.: 84611"}
{"product_name": "Bio Zuckermais 350g", "brand": "bio_organic", "regular_price": 2.99, "selling_price": 2.99, "price_per_unit": "pro 350g | 100g = 0.86 CHF", "breadcrumb": "Sortiment > Sortiment > Bio Zuckermais 350g", "pdp_url": "https://sortiment.lidl.ch/de/bio-zuckermais-350g-0084592", "product_description": "Artikelnr.: 84592"}
{"product_name": "BIO Stangen-Sellerie 500g", "brand": "bio_organic", "regular_price": 3.49, "selling_price": 3.49, "price_per_unit": "pro 500g | 1Kg = 6.98 CHF", "breadcrumb": "Sortiment > Sortiment > BIO Stangen-Sellerie 500g", "pdp_url": "https://sortiment.lidl.ch/de/bio-stangen-sellerie-500g-0084458", "product_description": "Artikelnr.: 84458"}
{"product_name": "Rüebli Terra Natura 2,5kg", "brand": "", "regular_price": 3.99, "selling_price": 3.99, "price_per_unit": "pro 2,5kg | 1Kg = 1.60 CHF", "breadcrumb": "Sortiment > Sortiment > Rüebli Terra Natura 2,5kg", "pdp_url": "https://sortiment.lidl.ch/de/rueebli-terra-natura-2-5kg-0083670", "product_description": "Artikelnr.: 83670"}
{"product_name": "Kürbis Hokkaido", "brand": "", "regular_price": 2.79, "selling_price": 2.79, "price_per_unit": "pro 1kg |", "breadcrumb": "Sortiment > Sortiment > Kürbis Hokkaido", "pdp_url": "https://sortiment.lidl.ch/de/kuerbis-hokkaido-0082840", "product_description": "Artikelnr.: 82840"}
{"product_name": "Knollen-Sellerie", "brand": "", "regular_price": 3.49, "selling_price": 3.49, "price_per_unit": "pro 1kg |", "breadcrumb": "Sortiment > Sortiment > Knollen-Sellerie", "pdp_url": "https://sortiment.lidl.ch/de/knollen-sellerie-0082720", "product_description": "Artikelnr.: 82720"}
{"product_name": "Knoblauch 200g", "brand": "", "regular_price": 0.79, "selling_price": 0.79, "price_per_unit": "pro 200g | 100g = 0.40 CHF", "breadcrumb": "Sortiment > Sortiment > Knoblauch 200g", "pdp_url": "https://sortiment.lidl.ch/de/knoblauch-200g-0082711", "product_description": "Artikelnr.: 82711"}
{"product_name": "Bio Peperoni Mix 400g", "brand": "bio_organic", "regular_price": 1.79, "selling_price": 1.79, "price_per_unit": "pro 400g | 100g = 0.45 CHF", "breadcrumb": "Sortiment > Sortiment > Bio Peperoni Mix 400g", "pdp_url": "https://sortiment.lidl.ch/de/bio-peperoni-mix-400g-0084587", "product_description": "Artikelnr.: 84587"}
{"product_name": "Peperoncini Mix 100g", "brand": "", "regular_price": 0.85, "selling_price": 0.85, "price_per_unit": "pro 100g |", "breadcrumb": "Sortiment > Sortiment > Peperoncini Mix 100g", "pdp_url": "https://sortiment.lidl.ch/de/peperoncini-mix-100g-0082660", "product_description": "Artikelnr.: 82660"}
{"product_name": "Spitzpeperoni rot 500g", "brand": "", "regular_price": 1.59, "selling_price": 1.59, "price_per_unit": "pro 500g | 1Kg = 3.18 CHF", "breadcrumb": "Sortiment > Sortiment > Spitzpeperoni rot 500g", "pdp_url": "https://sortiment.lidl.ch/de/spitzpeperoni-rot-500g-0082637", "product_description": "Artikelnr.: 82637"}
{"product_name": "Peperoni rot", "brand": "", "regular_price": 2.79, "selling_price": 2.79, "price_per_unit": "pro 1kg |", "breadcrumb": "Sortiment > Sortiment > Peperoni rot", "pdp_url": "https://sortiment.lidl.ch/de/peperoni-rot-0082615", "product_description": "Artikelnr.: 82615"}
{"product_name": "Peperoni Mix 500g", "brand": "", "regular_price": 1.29, "selling_price": 1.29, "price_per_unit": "pro 500g | 1Kg = 2.58 CHF", "breadcrumb": "Sortiment > Sortiment > Peperoni Mix 500g", "pdp_url": "https://sortiment.lidl.ch/de/peperoni-mix-500g-0082586", "product_description": "Artikelnr.: 82586"}
{"product_name": "Spitzpeperoni gelb 500g", "brand": "", "regular_price": 1.59, "selling_price": 1.59, "price_per_unit": "pro 500g | 1Kg = 3.18 CHF", "breadcrumb": "Sortiment > Sortiment > Spitzpeperoni gelb 500g", "pdp_url": "https://sortiment.lidl.ch/de/spitzpeperoni-gelb-500g-0082541", "product_description": "Artikelnr.: 82541"}
{"product_name": "Pro Vitamin Spülung", "brand": "cien", "regular_price": 1.69, "selling_price": 1.69, "price_per_unit": "pro 300ml | 100ML = 0.57 CHF", "breadcrumb": "Sortiment > Sortiment > Pro Vitamin Spülung", "pdp_url": "https://sortiment.lidl.ch/de/pro-vitamin-spuelung-0047421", "product_description": "Artikelnr.: 47421"}
{"product_name": "Professional Spülung", "brand": "cien", "regular_price": 1.49, "selling_price": 1.49, "price_per_unit": "pro 200ml | 100ML = 0.75 CHF", "breadcrumb": "Sortiment > Sortiment > Professional Spülung", "pdp_url": "https://sortiment.lidl.ch/de/professional-spuelung-0092854", "product_description": "Artikelnr.: 92854"}
{"product_name": "Anti-Schuppen Shampoo", "brand": "cien", "regular_price": 1.29, "selling_price": 1.29, "price_per_unit": "pro 300ml | 100ML = 0.43 CHF", "breadcrumb": "Sortiment > Sortiment > Anti-Schuppen Shampoo", "pdp_url": "https://sortiment.lidl.ch/de/anti-schuppen-shampoo-0088436", "product_description": "Artikelnr.: 88436"}
{"product_name": "Pro Vitamin Shampoo", "brand": "cien", "regular_price": 1.69, "selling_price": 1.69, "price_per_unit": "pro 300ml | 100ML = 0.57 CHF", "breadcrumb": "Sortiment > Sortiment > Pro Vitamin Shampoo", "pdp_url": "https://sortiment.lidl.ch/de/pro-vitamin-shampoo-0047570", "product_description": "Artikelnr.: 47570"}
{"product_name": "Haarspray", "brand": "cien", "regular_price": 2.89, "selling_price": 2.89, "price_per_unit": "pro 400ml | 100ML = 0.73 CHF", "breadcrumb": "Sortiment > Sortiment > Haarspray", "pdp_url": "https://sortiment.lidl.ch/de/haarspray-0031138", "product_description": "Artikelnr.: 31138"}
{"product_name": "Haargel", "brand": "cien", "regular_price": 1.89, "selling_price": 1.89, "price_per_unit": "pro 150ml | 1L = 12.60 CHF", "breadcrumb": "Sortiment > Sortiment > Haargel", "pdp_url": "https://sortiment.lidl.ch/de/haargel-0027069", "product_description": "Artikelnr.: 27069"}
{"product_name": "Professional Shampoo", "brand": "cien", "regular_price": 1.89, "selling_price": 1.89, "price_per_unit": "pro 250ml | 100ML = 0.76 CHF", "breadcrumb": "Sortiment > Sortiment > Professional Shampoo", "pdp_url": "https://sortiment.lidl.ch/de/professional-shampoo-0092853", "product_description": "Artikelnr.: 92853"}
{"product_name": "Tag für Tag Shampoo", "brand": "cien", "regular_price": 0.75, "selling_price": 0.75, "price_per_unit": "pro 500ml | 100ML = 0.15 CHF", "breadcrumb": "Sortiment > Sortiment > Tag für Tag Shampoo", "pdp_url": "https://sortiment.lidl.ch/de/tag-fuer-tag-shampoo-0031111", "product_description": "Artikelnr.: 31111"}
{"product_name": "Arganöl Elixier", "brand": "cien", "regular_price": 4.95, "selling_price": 4.95, "price_per_unit": "pro 100ml |", "breadcrumb": "Sortiment > Sortiment > Arganöl Elixier", "pdp_url": "https://sortiment.lidl.ch/de/arganoel-elixier-5702733", "product_description": "Artikelnr.: 5702733"}
{"product_name": "Gesichtsmasken", "brand": "", "regular_price": 0.99, "selling_price": 0.99, "price_per_unit": "pro Stück | 100ML = 6.19 CHF", "breadcrumb": "Sortiment > Sortiment > Gesichtsmasken", "pdp_url": "https://sortiment.lidl.ch/de/gesichtsmasken-0098722", "product_description": "Artikelnr.: 98722"}
{"product_name": "Gesichts-Pflegecreme", "brand": "cien", "regular_price": 2.89, "selling_price": 2.89, "price_per_unit": "pro 50ml | 100ML = 5.78 CHF", "breadcrumb": "Sortiment > Sortiment > Gesichts-Pflegecreme", "pdp_url": "https://sortiment.lidl.ch/de/gesichts-pflegecreme-0051058", "product_description": "Artikelnr.: 51058"}
{"product_name": "Hautpflege-Creme", "brand": "cien_bodycare", "regular_price": 1.95, "selling_price": 1.95, "price_per_unit": "pro 250ml | 100ML = 0.78 CHF", "breadcrumb": "Sortiment > Sortiment > Hautpflege-Creme", "pdp_url": "https://sortiment.lidl.ch/de/hautpflege-creme-0039996", "product_description": "Artikelnr.: 39996"}
{"product_name": "Lippenpflege-Stift", "brand": "cien", "regular_price": 1.79, "selling_price": 1.79, "price_per_unit": "pro 3 Stück | 1 Stk = 0.60 CHF", "breadcrumb": "Sortiment > Sortiment > Lippenpflege-Stift", "pdp_url": "https://sortiment.lidl.ch/de/lippenpflege-stift-0032440", "product_description": "Artikelnr.: 32440"}
{"product_name": "Waschgel / Waschpeeling", "brand": "cien", "regular_price": 1.49, "selling_price": 1.49, "price_per_unit": "pro 150ml | 100ML = 1.00 CHF", "breadcrumb": "Sortiment > Sortiment > Waschgel / Waschpeeling", "pdp_url": "https://sortiment.lidl.ch/de/waschgel-waschpeeling-0067420", "product_description": "Artikelnr.: 67420"}
{"product_name": "Augenkonturen-Cremes", "brand": "cien", "regular_price": 3.95, "selling_price": 3.95, "price_per_unit": "pro 15ml | 100ML = 26.34 CHF", "breadcrumb": "Sortiment > Sortiment > Augenkonturen-Cremes", "pdp_url": "https://sortiment.lidl.ch/de/augenkonturen-cremes-0040001", "product_description": "Artikelnr.: 40001"}
{"product_name": "Bebe Young Care Reinigungs-Tücher", "brand": "bebe_young_care", "regular_price": 4.49, "selling_price": 4.49, "price_per_unit": "pro 25 Stück | 1 Stk = 0.18 CHF", "breadcrumb": "Sortiment > Sortiment > Bebe Young Care Reinigungs-Tücher", "pdp_url": "https://sortiment.lidl.ch/de/bebe-young-care-reinigungs-tuecher-0001656", "product_description": "Artikelnr.: 1656"}
{"product_name": "Nagellack-Entferner", "brand": "cien", "regular_price": 2.39, "selling_price": 2.39, "price_per_unit": "pro 200ml | 100ML = 1.20 CHF", "breadcrumb": "Sortiment > Sortiment > Nagellack-Entferner", "pdp_url": "https://sortiment.lidl.ch/de/nagellack-entferner-0065975", "product_description": "Artikelnr.: 65975"}
{"product_name": "Vital Gesichtscreme", "brand": "cien", "regular_price": 4.49, "selling_price": 4.49, "price_per_unit": "pro 50ml | 100ML = 8.98 CHF", "breadcrumb": "Sortiment > Sortiment > Vital Gesichtscreme", "pdp_url": "https://sortiment.lidl.ch/de/vital-gesichtscreme-0098905", "product_description": "Artikelnr.: 98905"}
{"product_name": "Nachtcreme Q10", "brand": "cien", "regular_price": 3.95, "selling_price": 3.95, "price_per_unit": "pro 50ml | 100ML = 7.90 CHF", "breadcrumb": "Sortiment > Sortiment > Nachtcreme Q10", "pdp_url": "https://sortiment.lidl.ch/de/nachtcreme-q10-0051048", "product_description": "Artikelnr.: 51048"}
{"product_name": "Tagescreme Q10", "brand": "cien", "regular_price": 3.95, "selling_price": 3.95, "price_per_unit": "pro 50ml | 100ML = 7.90 CHF", "breadcrumb": "Sortiment > Sortiment > Tagescreme Q10", "pdp_url": "https://sortiment.lidl.ch/de/tagescreme-q10-0051047", "product_description": "Artikelnr.: 51047"}
{"product_name": "Duschcreme", "brand": "cien", "regular_price": 0.99, "selling_price": 0.99, "price_per_unit": "pro 300ml | 100ML = 0.33 CHF", "breadcrumb": "Sortiment > Sortiment > Duschcreme", "pdp_url": "https://sortiment.lidl.ch/de/duschcreme-0138047", "product_description": "Artikelnr.: 138047"}
{"product_name": "Dove Duschgel", "brand": "dove", "regular_price": 3.29, "selling_price": 3.29, "price_per_unit": "pro 250ml | 100ML = 1.32 CHF", "breadcrumb": "Sortiment > Sortiment > Dove Duschgel", "pdp_url": "https://sortiment.lidl.ch/de/dove-duschgel-0002464", "product_description": "Artikelnr.: 2464"}
{"product_name": "Cremeseife Stück", "brand": "cien", "regular_price": 0.95, "selling_price": 0.95, "price_per_unit": "pro 2x150g | 100g = 0.32 CHF", "breadcrumb": "Sortiment > Sortiment > Cremeseife Stück", "pdp_url": "https://sortiment.lidl.ch/de/cremeseife-stueck-0024736", "product_description": "Artikelnr.: 24736"}
{"product_name": "Axe Duschgel", "brand": "axe", "regular_price": 5.19, "selling_price": 5.19, "price_per_unit": "pro 400ml | 100ML = 1.30 CHF", "breadcrumb": "Sortiment > Sortiment > Axe Duschgel", "pdp_url": "https://sortiment.lidl.ch/de/axe-duschgel-0002467", "product_description": "Artikelnr.: 2467"}
{"product_name": "Zahnpflege", "brand": "nevadent", "regular_price": 1.79, "selling_price": 1.79, "price_per_unit": "pro Stück |", "breadcrumb": "Sortiment > Sortiment > Zahnpflege", "pdp_url": "https://sortiment.lidl.ch/de/zahnpflege-0138264", "product_description": "Artikelnr.: 138264"}
{"product_name": "Zahnbürsten Junior/Kinder", "brand": "nevadent", "regular_price": 0.79, "selling_price": 0.79, "price_per_unit": "pro 2 Stück | 1 Stk = 0.40 CHF", "breadcrumb": "Sortiment > Sortiment > Zahnbürsten Junior/Kinder", "pdp_url": "https://sortiment.lidl.ch/de/zahnbuersten-junior-kinder-0137950", "product_description": "Artikelnr.: 137950"}
{"product_name": "Zahnpflege", "brand": "nevadent", "regular_price": 1.19, "selling_price": 1.19, "price_per_unit": "pro Stück |", "breadcrumb": "Sortiment > Sortiment > Zahnpflege", "pdp_url": "https://sortiment.lidl.ch/de/zahnpflege-0137078", "product_description": "Artikelnr.: 137078"}
{"product_name": "Zahnpasta", "brand": "nevadent", "regular_price": 0.89, "selling_price": 0.89, "price_per_unit": "pro 100ml |", "breadcrumb": "Sortiment > Sortiment > Zahnpasta", "pdp_url": "https://sortiment.lidl.ch/de/zahnpasta-0132312", "product_description": "Artikelnr.: 132312"}
{"product_name": "Mundspülung", "brand": "nevadent", "regular_price": 1.79, "selling_price": 1.79, "price_per_unit": "pro 500ml | 100ML = 0.36 CHF", "breadcrumb": "Sortiment > Sortiment > Mundspülung", "pdp_url": "https://sortiment.lidl.ch/de/mundspuelung-0047339", "product_description": "Artikelnr.: 47339"}
{"product_name": "Zahnpasta", "brand": "nevadent", "regular_price": 1.49, "selling_price": 1.49, "price_per_unit": "pro 125ml | 100ML = 1.20 CHF", "breadcrumb": "Sortiment > Sortiment > Zahnpasta", "pdp_url": "https://sortiment.lidl.ch/de/zahnpasta-0038752", "product_description": "Artikelnr.: 38752"}
{"product_name": "Zahnbürste Professional", "brand": "nevadent", "regular_price": 1.99, "selling_price": 1.99, "price_per_unit": "pro 2 Stück | 1 Stk = 1.00 CHF", "breadcrumb": "Sortiment > Sortiment > Zahnbürste Professional", "pdp_url": "https://sortiment.lidl.ch/de/zahnbuerste-professional-0038464", "product_description": "Artikelnr.: 38464"}
{"product_name": "Rasierschaum for men", "brand": "cien", "regular_price": 1.25, "selling_price": 1.25, "price_per_unit": "pro 300ml | 100ML = 0.42 CHF", "breadcrumb": "Sortiment > Sortiment > Rasierschaum for men", "pdp_url": "https://sortiment.lidl.ch/de/rasierschaum-for-men-0027073", "product_description": "Artikelnr.: 27073"}
{"product_name": "Listerine Mundspülung", "brand": "listerine", "regular_price": 5.35, "selling_price": 5.35, "price_per_unit": "pro 500ml | 100ML = 1.07 CHF", "breadcrumb": "Sortiment > Sortiment > Listerine Mundspülung", "pdp_url": "https://sortiment.lidl.ch/de/listerine-mundspuelung-0002872", "product_description": "Artikelnr.: 2872"}
{"product_name": "Signal Zahnpasta", "brand": "signal", "regular_price": 3.39, "selling_price": 3.39, "price_per_unit": "pro 100ml |", "breadcrumb": "Sortiment > Sortiment > Signal Zahnpasta", "pdp_url": "https://sortiment.lidl.ch/de/signal-zahnpasta-0002460", "product_description": "Artikelnr.: 2460"}
{"product_name": "Zahnbürsten Classic", "brand": "nevadent", "regular_price": 0.79, "selling_price": 0.79, "price_per_unit": "pro 2 Stück | 1 Stk = 0.40 CHF", "breadcrumb": "Sortiment > Sortiment > Zahnbürsten Classic", "pdp_url": "https://sortiment.lidl.ch/de/zahnbuersten-classic-0027028", "product_description": "Artikelnr.: 27028"}
{"product_name": "Rasiergel Women Sensitive", "brand": "cien", "regular_price": 2.19, "selling_price": 2.19, "price_per_unit": "pro 200ml | 100ML = 1.10 CHF", "breadcrumb": "Sortiment > Sortiment > Rasiergel Women Sensitive", "pdp_url": "https://sortiment.lidl.ch/de/rasiergel-women-sensitive-0116573", "product_description": "Artikelnr.: 116573"}
{"product_name": "Men 5-Klingen Rasierer", "brand": "cien", "regular_price": 5.95, "selling_price": 5.95, "price_per_unit": "pro 4 Stück |", "breadcrumb": "Sortiment > Sortiment > Men 5-Klingen Rasierer", "pdp_url": "https://sortiment.lidl.ch/de/men-5-klingen-rasierer-0112457", "product_description": "Artikelnr.: 112457"}
{"product_name": "Deospray for men", "brand": "", "regular_price": 1.69, "selling_price": 1.69, "price_per_unit": "pro 200ml | 100ML = 0.85 CHF", "breadcrumb": "Sortiment > Sortiment > Deospray for men", "pdp_url": "https://sortiment.lidl.ch/de/deospray-for-men-0062785", "product_description": "Artikelnr.: 62785"}
{"product_name": "After Shave for men", "brand": "", "regular_price": 2.99, "selling_price": 2.99, "price_per_unit": "pro 100ml |", "breadcrumb": "Sortiment > Sortiment > After Shave for men", "pdp_url": "https://sortiment.lidl.ch/de/after-shave-for-men-0027064", "product_description": "Artikelnr.: 27064"}
{"product_name": "Deospray", "brand": "cien", "regular_price": 1.39, "selling_price": 1.39, "price_per_unit": "pro 200ml | 100ML = 0.70 CHF", "breadcrumb": "Sortiment > Sortiment > Deospray", "pdp_url": "https://sortiment.lidl.ch/de/deospray-0062781", "product_description": "Artikelnr.: 62781"}
{"product_name": "MAM Nuggi", "brand": "mam", "regular_price": 9.89, "selling_price": 9.89, "price_per_unit": "pro 2 Stk | 1 Stk = 4.95 CHF", "breadcrumb": "Sortiment > Sortiment > MAM Nuggi", "pdp_url": "https://sortiment.lidl.ch/de/mam-nuggi-5107428", "product_description": "Artikelnr.: 5107428"}
{"product_name": "MAM Nuggi", "brand": "mam", "regular_price": 9.89, "selling_price": 9.89, "price_per_unit": "pro 2 Stück | 1 Stk = 4.95 CHF", "breadcrumb": "Sortiment > Sortiment > MAM Nuggi", "pdp_url": "https://sortiment.lidl.ch/de/mam-nuggi-5107423", "product_description": "Artikelnr.: 5107423"}
{"product_name": "MAM Nuggi", "brand": "mam", "regular_price": 9.89, "selling_price": 9.89, "price_per_unit": "pro 2 Stück | 1 Stk = 4.95 CHF", "breadcrumb": "Sortiment > Sortiment > MAM Nuggi", "pdp_url": "https://sortiment.lidl.ch/de/mam-nuggi-5107418", "product_description": "Artikelnr.: 5107418"}
{"product_name": "Sonnenblumen-Margarine", "brand": "vita_dor", "regular_price": 2.39, "selling_price": 2.39, "price_per_unit": "pro 500g | 100g = 0.48 CHF", "breadcrumb": "Sortiment > Sortiment > Sonnenblumen-Margarine", "pdp_url": "https://sortiment.lidl.ch/de/sonnenblumen-margarine-0011175", "product_description": "Artikelnr.: 11175"}
{"product_name": "Rama Sooo BUTTRIG!", "brand": "rama", "regular_price": 2.85, "selling_price": 2.85, "price_per_unit": "pro 225g | 100g = 1.27 CHF", "breadcrumb": "Sortiment > Sortiment > Rama Sooo BUTTRIG!", "pdp_url": "https://sortiment.lidl.ch/de/rama-sooo-buttrig-0003404", "product_description": "Artikelnr.: 3404"}
{"product_name": "Rama Zum Braten mit Butternote", "brand": "rama", "regular_price": 5.19, "selling_price": 3.99, "price_per_unit": "pro 500ml | LP 100ml = 0.80 CHF", "breadcrumb": "Sortiment > Sortiment > Rama Zum Braten mit Butternote", "pdp_url": "https://sortiment.lidl.ch/de/rama-zum-braten-mit-butternote-0001471", "product_description": "Artikelnr.: 1471"}
{"product_name": "Rapsöl", "brand": "vita_dor", "regular_price": 3.49, "selling_price": 3.49, "price_per_unit": "pro 1l |", "breadcrumb": "Sortiment > Sortiment > Rapsöl", "pdp_url": "https://sortiment.lidl.ch/de/rapsoel-0099000", "product_description": "Artikelnr.: 99000"}
{"product_name": "Sonnenblumenöl", "brand": "vita_dor", "regular_price": 4.29, "selling_price": 4.29, "price_per_unit": "pro 1l |", "breadcrumb": "Sortiment > Sortiment > Sonnenblumenöl", "pdp_url": "https://sortiment.lidl.ch/de/sonnenblumenoel-0001563", "product_description": "Artikelnr.: 1563"}
{"product_name": "Spanisches Olivenöl", "brand": "primadonna", "regular_price": 9.99, "selling_price": 9.99, "price_per_unit": "pro 1l |", "breadcrumb": "Sortiment > Sortiment > Spanisches Olivenöl", "pdp_url": "https://sortiment.lidl.ch/de/spanisches-olivenoel-0011366", "product_description": "Artikelnr.: 11366"}
{"product_name": "Berliner mit Mehrfruchtfüllung", "brand": "", "regular_price": 0.89, "selling_price": 0.89, "price_per_unit": "pro 75g | 100g = 1.19 CHF", "breadcrumb": "Sortiment > Sortiment > Berliner mit Mehrfruchtfüllung", "pdp_url": "https://sortiment.lidl.ch/de/berliner-mit-mehrfruchtfuellung-0114732", "product_description": "Artikelnr.: 114732 Berliner Mehrfruchtfüllung, aufgetaut. Zutaten: Weizenmehl , 21% Mehrfruchtfüllung [Zucker, 7%* Früchte (4%* Äpfel, 1%* Himbeeren, 1%* schwarze Johannisbeeren, 1%* Sauerkirschen), Glukosesirup, Wasser, Geliermittel: Pektine, Säuerungsmittel: Citronensäure, Säureregulator: Natriumcitrate], pflanzliche Öle (Palm, Sonnenblume, Raps), Wasser, Vollei* *,  Zucker, Dextrose, Süssmolkenpulver, Weizenstärke, Speisesalz, Hefe, Hühnereieiweisspulver* *, Kartoffelstärke, Mehlbehandlungsmittel: Ascorbinsäure. Kann Spuren von Erdnüssen, Soja, Schalenfrüchten (Nüsse), Sellerie, Senf, Sesam und Sulfiten enthalten. *bezogen auf das Endprodukt. **von Eiern aus Bodenhaltung. Hergestellt in Deutschland."}
{"product_name": "Schoggibrötli", "brand": "", "regular_price": 0.99, "selling_price": 0.99, "price_per_unit": "pro 70g | 100g = 1.42 CHF", "breadcrumb": "Sortiment > Sortiment > Schoggibrötli", "pdp_url": "https://sortiment.lidl.ch/de/schoggibroetli-0057732", "product_description": "Artikelnr.: 57732 Hefefeingebäck gefüllt mit 12 % dunkler Schokolade. Zutaten: Weizenmehl , Butter, dunkle Schokolade (Zucker, Kakaomasse1, Kakaobutter1, Emulgator: Lecithine*, natürliches Vanillearoma), Wasser, Zucker, Backhefe, Vollei **, Speisesalz, Weizengluten, Weizenmalzmehl , deaktivierte Backhefe, Mehlbehandlungsmittel: Ascorbinsäure. Kann Spuren von  Erdnüsse, Soja,  Schalenfrüchte (Nüsse), Sellerie, Senf, Sesam und Sulfiten enthalten . **Eier aus Bodenhaltung. Hergestellt in Frankreich."}
{"product_name": "Bio Krustenkranz", "brand": "", "regular_price": 2.49, "selling_price": 2.49, "price_per_unit": "pro 330g | 100g = 0.76 CHF", "breadcrumb": "Sortiment > Sortiment > Bio Krustenkranz", "pdp_url": "https://sortiment.lidl.ch/de/bio-krustenkranz-5106663", "product_description": "Artikelnr.: 5106663 Bio Krustenkranz Zutaten: 57% Weizenmehl *, Wasser, Weizenprotein *, Magermilchpulver *, Weizensauerteig * getrocknet, Milchprotein *, Weizengluten *, Roggensauerteig *, Gerstenmalzmehl *, Backhefe*, Rapsöl*, Meersalz, Acerolafruchtpulver*. *aus biologischer Landwirtschaft. Kann Spuren von Ei, Erdnüsse, Soja, Schalenfrüchte (Nüsse), Sellerie, Senf, Sesam und Sulfiten enthalten. Hergestellt in der Schweiz. CH-Bio-038"}
{"product_name": "Bio Holzofenbrot UrDinkel", "brand": "", "regular_price": 3.99, "selling_price": 3.99, "price_per_unit": "pro 365g | 100g = 1.10 CHF", "breadcrumb": "Sortiment > Sortiment > Bio Holzofenbrot UrDinkel", "pdp_url": "https://sortiment.lidl.ch/de/bio-holzofenbrot-urdinkel-5105700", "product_description": "Artikelnr.: 5105700 Bio UrDinkelbrot. Zutaten: 59% UrDinkel-Mehlmischung [57.6% UrDinkel -Mehl1, 1% UrDinkel 1 geröstet, Dinkel -Vollkornsauerteig1, Acerolapulver1 (auf Trägerstoff: Maltodextrin)], Wasser, Sonnenblumenkerne1, Leinsamen1, Sesam 1, 2% UrDinkel -Schrot1, Kürbiskerne1, jodiertes Speisesalz, Hefe1, Sonnenblumenöl1, Oblade: (Maisstärke1, Kartoffelstärke1, Kakaopulver1,  Zucker1, Karamell1, Emulgator: Sonnenblumenlecithine1). 1aus kontrolliert ökologischer Landwirtschaft. Kann Spuren von Ei, Erdnüssen, Soja, Milch, Schalenfrüchten (Nüssen), Sellerie, Senf und Sulfiten enthalten. CH-Bio-006. Hergestellt in der Schweiz."}
{"product_name": "Ciabatta classic", "brand": "", "regular_price": 1.99, "selling_price": 1.99, "price_per_unit": "pro 300g | 100g = 0.67 CHF", "breadcrumb": "Sortiment > Sortiment > Ciabatta classic", "pdp_url": "https://sortiment.lidl.ch/de/ciabatta-classic-0118251", "product_description": "Artikelnr.: 118251 Weizenbrot Zutaten: 57% Weizenmehl, Sauerteig ( Weizenmehl, Wasser, Roggenmehl ), Wasser, Roggenmehl,  Weizendunst, Hefe, Speisesalz, Gerstenmalzmehl,  Gerstenmalzextrakt. Kann Spuren von Ei, Erdnüsse, Soja, Milch, Schalenfrüchte (Nüsse), Sellerie, Senf, Sesam und Sulfiten enthalten. Hergestellt in Deutschland."}
{"product_name": "Krustenbrot", "brand": "", "regular_price": 2.29, "selling_price": 2.29, "price_per_unit": "pro 1000g |", "breadcrumb": "Sortiment > Sortiment > Krustenbrot", "pdp_url": "https://sortiment.lidl.ch/de/krustenbrot-0092778", "product_description": "Artikelnr.: 92778 Krustenbrot Zutaten: Roggenmehl,  Weizenmehl , Roggensauerteig (Wasser, Roggenmehl) , Wasser, Speisesalz, Hefe, Weizengluten , Mehlbehandlungsmittel: Ascorbinsäure. Kann Spuren von Ei, Milch, Erdnüsse, Soja, Schalenfrüchte (Nüsse), Sellerie, Senf, Sesam und Sulfiten enthalten. Hergestellt in Deutschland."}
{"product_name": "Kürbiskern-Brötli", "brand": "", "regular_price": 0.89, "selling_price": 0.89, "price_per_unit": "pro 80g | 100g = 1.12 CHF", "breadcrumb": "Sortiment > Sortiment > Kürbiskern-Brötli", "pdp_url": "https://sortiment.lidl.ch/de/kuerbiskern-broetli-0092782", "product_description": "Artikelnr.: 92782 Kürbiskernbrötli Zutaten: 50% Weizenmehl , Wasser, 17% Kürbiskerne, Roggenmeh l, Kartoffelflocken, Haferflocken, Rapsöl, Speisesalz, Weizengluten , Dextrose, Hefe, Gerstenmalzmehl, Gerstenmalzextrakt, Weizenmalzmehl, Mehlbehandlungsmittel: Ascorbinsäure. Kann Spuren von Ei, Erdnüsse, Soja, Milch, Schalenfrüchte (Nüsse), Sellerie, Senf, Sesam und Sulfiten enthalten. Hergestellt in Deutschland."}
{"product_name": "Laugengipfeli", "brand": "", "regular_price": 0.79, "selling_price": 0.79, "price_per_unit": "pro 68g | 100g = 1.17 CHF", "breadcrumb": "Sortiment > Sortiment > Laugengipfeli", "pdp_url": "https://sortiment.lidl.ch/de/laugengipfeli-0055881", "product_description": "Artikelnr.: 55881 Laugengipfel Zutaten: Weizenmehl , 26% Butter , Hefe,  Zucker, Wasser, Speisesalz, Weizenmalzmehl , Magermilchpulver , Weizenstärke , Süssmolkenpulver , Weizenkleber , Gerstenmalzextrakt , Säureregulator: Natriumhydroxid. Kann Spuren von Ei,  Erdnüsse, Soja,  Schalenfrüchte (Nüsse), Sellerie, Senf, Sesam und Sulfiten enthalten. Hergestellt in Deutschland."}
{"product_name": "Schinken-Käse-Croissant", "brand": "", "regular_price": 1.49, "selling_price": 1.49, "price_per_unit": "pro 95g | 100g = 1.57 CHF", "breadcrumb": "Sortiment > Sortiment > Schinken-Käse-Croissant", "pdp_url": "https://sortiment.lidl.ch/de/schinken-kaese-croissant-0067886", "product_description": "Artikelnr.: 67886 Schinken-Käse-Croissant Zutaten: Weizenmehl , 20% Butter , Wasser, 10% Hinterschinken gekocht [Schweinefleisch, Nitritpökelsalz (Speisesalz, Konservierungsstoff: Natriumnitrit), Gewürze, Gewürzextrakt, Dextrose, Säureregulator: gepufferter Essig, Stabilisator: Diphosphate, Antioxidationsmittel: Natriumascorbat], 8,7% Gouda , Zucker, Speisesalz, Hefe, Kartoffelstärke, modifizierte Stärke, Weizenmalzmehl , Weizengluten , Maismehl, Milcheiweiss , Verdickungsmittel: Methylcellulose, Erbseneiweiss, natürliches Käsearoma, Mehlbehandlungsmittel: Ascorbinsäure. Kann Spuren von Ei, Erdnüsse, Soja, Schalenfrüchte (Nüsse), Sellerie, Senf, Sesam und Sulfiten enthalten. Hergestellt in Deutschland."}
{"product_name": "Schinkengipfeli", "brand": "", "regular_price": 1.39, "selling_price": 1.39, "price_per_unit": "pro 70g | 100g = 1.99 CHF", "breadcrumb": "Sortiment > Sortiment > Schinkengipfeli", "pdp_url": "https://sortiment.lidl.ch/de/schinkengipfeli-5104340", "product_description": "Artikelnr.: 5104340 Schinkengipfel. Zutaten: Weizenweissmehl , 20% Schinken [83% Schweinefleisch (Schweiz), Wasser, Nitritpökelsalz (Speisesalz, Konservierungsstoff: Natriumnitrit), Stabilisatoren: Diphosphate, Triphosphate, Antioxidationsmittel: Natriumascorbat, Gewürze, Traubenzucker, Maltodextrin], Wasser, Pflanzenmargarine [pflanzliche Öle (Palm, Raps), Wasser, Emulgatoren: Mono- und Diglyceride von Speisefettsäuren, Polyglycerinester von Speisefettsäuren, Säuerungsmittel: Citronensäure], Eier * pasteurisiert, jodiertes Speisesalz, Senf [Speiseessig, Wasser, Senfsamen , jodiertes Speisesalz, Zucker, Gewürze, Gewürzextrakte] , Palmöl, Weizenkleber , Rapsöl, Gerstenmalzextrakt , Reisstärke, Magermilchpulver , Geschmacksverstärker: Mononatriumglutamat, jodiertes Speisesalz, Kräuter, Gewürze, Kartoffelstärke, Gerstenmalzmehl , Zwiebeln, Backtriebmittel: Ammoniumcarbonate. Kann Spuren von Erdnüsse, Soja, Schalenfrüchte (Nüsse), Sellerie, Sesam und Sulfiten enthalten. *aus Bodenhaltung. Hergestellt in der Schweiz."}
{"product_name": "Pizza Margherita", "brand": "", "regular_price": 1.99, "selling_price": 1.99, "price_per_unit": "pro 160g | 100g = 1.25 CHF", "breadcrumb": "Sortiment > Sortiment > Pizza Margherita", "pdp_url": "https://sortiment.lidl.ch/de/pizza-margherita-0129123", "product_description": "Artikelnr.: 129123 Pizza Margherita Zutaten: Weizenmehl, 20,9% Tomatenfruchtfleisch , Wasser, 18,6% Mozzarella  ( Milch , Milchsäurebakterien, Speisesalz, mikrobielles Lab), Hartweizengriess , Speisesalz, natives Olivenöl extra, Hefe, Oregano. Kann Spuren von Ei, Erdnüsse, Soja, Schalenfrüchte (Nüsse), Sellerie, Senf, Sesam und Sulfiten enthalten. Hergestellt in Italien."}
{"product_name": "Pizza Calzone Margherita", "brand": "", "regular_price": 3.99, "selling_price": 3.99, "price_per_unit": "pro 210g | 100g = 1.90 CHF", "breadcrumb": "Sortiment > Sortiment > Pizza Calzone Margherita", "pdp_url": "https://sortiment.lidl.ch/de/pizza-calzone-margherita-0126949", "product_description": "Artikelnr.: 126949 Calzone Margherita Zutaten: Weizenmehl , 29,6% Mozzarella-Käse ( Milch , Milchsäurebakterien, Speisesalz, Lab), Wasser, 14,8% Tomatenfruchtfleisch, Hartweizengriess , Speisesalz, natives Olivenöl extra, Hefe, Oregano. Kann Spuren von Ei, Erdnüsse, Soja, Schalenfrüchte (Nüsse), Sellerie, Senf, Sesam und Sulfiten enthalten. Hergestellt in Italien"}
{"product_name": "Butter Croissant", "brand": "", "regular_price": 0.69, "selling_price": 0.59, "price_per_unit": "pro 57g | 100g = 1.04 CHF", "breadcrumb": "Sortiment > Sortiment > Butter Croissant", "pdp_url": "https://sortiment.lidl.ch/de/butter-croissant-0121471", "product_description": "Artikelnr.: 121471 Butter Croissant Zutaten: Weizenmeh l, 27% Butter , Wasser, Zucker, Speisesalz, Hefe, Weizenmalzmehl,  Weizengluten ,  Erbseneiweiss, Mehlbehandlungsmittel: Ascorbinsäure. Kann Spuren von Ei, Erdnüsse, Soja,  Schalenfrüchte (Nüsse), Sellerie, Senf, Sesam und Sulfiten enthalten. Hergestellt in Deutschland."}
{"product_name": "Mehrkorn Gipfeli", "brand": "", "regular_price": 0.99, "selling_price": 0.99, "price_per_unit": "pro 80g | 100g = 1.24 CHF", "breadcrumb": "Sortiment > Sortiment > Mehrkorn Gipfeli", "pdp_url": "https://sortiment.lidl.ch/de/mehrkorn-gipfeli-0106059", "product_description": "Artikelnr.: 106059 Mehrkorngipfel Zutaten: Weizenmehl , 23% Butter , 8% Ölsaaten (Sonnenblumenkerne, Leinsamen, Sesamsamen ), Hefe, Wasser, Zucker, Haferflocken, Roggenmehl, Speisesalz, Roggenschrot, Weizenspeisekleie, Weizenschrot, Sojaschrot, Weizenmalzschrot, Weizenmalzmehl, Weizengluten, Gerstenmalzextrakt, Magermilchpulver, Weizenstärke, Süssmolkenpulver, Gerstenmalzmehl , Gewürze, Kartoffelstärke. Kann Spuren von Erdnüsse, Ei, Schalenfrüchte (Nüsse), Sellerie, Senf, Sulfiten und Lupinen enthalten. Hergestellt in Deutschland."}
{"product_name": "Knorr Asia Noodles im Becher", "brand": "knorr", "regular_price": 3.19, "selling_price": 3.19, "price_per_unit": "pro 65g | 100g = 4.91 CHF", "breadcrumb": "Sortiment > Sortiment > Knorr Asia Noodles im Becher", "pdp_url": "https://sortiment.lidl.ch/de/knorr-asia-noodles-im-becher-0003494", "product_description": "Artikelnr.: 3494"}
{"product_name": "Berner Rösti", "brand": "harvest_basket", "regular_price": 2.89, "selling_price": 2.89, "price_per_unit": "pro 500g | 100g = 0.58 CHF", "breadcrumb": "Sortiment > Sortiment > Berner Rösti", "pdp_url": "https://sortiment.lidl.ch/de/berner-roesti-0031774", "product_description": "Artikelnr.: 31774"}
{"product_name": "Malbuner Fleischkäse", "brand": "malbuner", "regular_price": 1.29, "selling_price": 1.29, "price_per_unit": "pro 115g | 100g = 1.13 CHF", "breadcrumb": "Sortiment > Sortiment > Malbuner Fleischkäse", "pdp_url": "https://sortiment.lidl.ch/de/malbuner-fleischkaese-0032341", "product_description": "Artikelnr.: 32341"}
{"product_name": "Le Parfait Original", "brand": "le_parfait", "regular_price": 3.69, "selling_price": 3.69, "price_per_unit": "pro 200g | 100g = 1.85 CHF", "breadcrumb": "Sortiment > Sortiment > Le Parfait Original", "pdp_url": "https://sortiment.lidl.ch/de/le-parfait-original-0001120", "product_description": "Artikelnr.: 1120"}
{"product_name": "Kaffeebohnen Crema & Aroma", "brand": "bellarom", "regular_price": 8.99, "selling_price": 8.99, "price_per_unit": "pro 1000g |", "breadcrumb": "Sortiment > Sortiment > Kaffeebohnen Crema & Aroma", "pdp_url": "https://sortiment.lidl.ch/de/kaffeebohnen-crema-aroma-0072858", "product_description": "Artikelnr.: 72858"}
{"product_name": "Kaffeebohnen Chicco d'Oro", "brand": "", "regular_price": 16.89, "selling_price": 16.89, "price_per_unit": "pro 1kg |", "breadcrumb": "Sortiment > Sortiment > Kaffeebohnen Chicco d'Oro", "pdp_url": "https://sortiment.lidl.ch/de/kaffeebohnen-chicco-d-oro-0001000", "product_description": "Artikelnr.: 1000"}
{"product_name": "Nescafé Dolce Gusto Lungo", "brand": "nescafe", "regular_price": 11.89, "selling_price": 11.89, "price_per_unit": "pro 30 Stück | 100g = 39.64, 6.10 CHF", "breadcrumb": "Sortiment > Sortiment > Nescafé Dolce Gusto Lungo", "pdp_url": "https://sortiment.lidl.ch/de/nescafe-dolce-gusto-lungo-5106504", "product_description": "Artikelnr.: 5106504"}
{"product_name": "Nescafé Dolce Guesto Grande", "brand": "nescafe", "regular_price": 11.89, "selling_price": 11.89, "price_per_unit": "pro 30 Stück | 100g = 39.64, 4.96 CHF", "breadcrumb": "Sortiment > Sortiment > Nescafé Dolce Guesto Grande", "pdp_url": "https://sortiment.lidl.ch/de/nescafe-dolce-guesto-grande-5106503", "product_description": "Artikelnr.: 5106503"}
{"product_name": "Nescafé Dolce Gusto Cappuccino", "brand": "nescafe", "regular_price": 11.89, "selling_price": 11.89, "price_per_unit": "pro 30 Stück | 100g = 39.64, 3.41, 237.80 CHF", "breadcrumb": "Sortiment > Sortiment > Nescafé Dolce Gusto Cappuccino", "pdp_url": "https://sortiment.lidl.ch/de/nescafe-dolce-gusto-cappuccino-5106502", "product_description": "Artikelnr.: 5106502"}
{"product_name": "Nescafé Dolce Gusto Café au Lait", "brand": "nescafe", "regular_price": 11.89, "selling_price": 11.89, "price_per_unit": "pro 30 Stück | 100g = 39.64, 3.97 CHF", "breadcrumb": "Sortiment > Sortiment > Nescafé Dolce Gusto Café au Lait", "pdp_url": "https://sortiment.lidl.ch/de/nescafe-dolce-gusto-cafe-au-lait-5106501", "product_description": "Artikelnr.: 5106501"}
{"product_name": "Nescafé Dolce Gusto Espresso Intenso", "brand": "nescafe", "regular_price": 11.89, "selling_price": 11.89, "price_per_unit": "pro 30 Stück | 100g = 39.64, 5.67 CHF", "breadcrumb": "Sortiment > Sortiment > Nescafé Dolce Gusto Espresso Intenso", "pdp_url": "https://sortiment.lidl.ch/de/nescafe-dolce-gusto-espresso-intenso-5106499", "product_description": "Artikelnr.: 5106499"}
{"product_name": "Kaffeebohnen Classico d'Oro", "brand": "bellarom", "regular_price": 10.49, "selling_price": 10.49, "price_per_unit": "pro 1000g |", "breadcrumb": "Sortiment > Sortiment > Kaffeebohnen Classico d'Oro", "pdp_url": "https://sortiment.lidl.ch/de/kaffeebohnen-classico-d-oro-0142024", "product_description": "Artikelnr.: 142024"}
{"product_name": "Kaffee Gold", "brand": "bellarom", "regular_price": 5.49, "selling_price": 5.49, "price_per_unit": "pro 500g | 100g = 1.10 CHF", "breadcrumb": "Sortiment > Sortiment > Kaffee Gold", "pdp_url": "https://sortiment.lidl.ch/de/kaffee-gold-0133813", "product_description": "Artikelnr.: 133813"}
{"product_name": "Nescafé Dolce Gusto Espresso Buondi", "brand": "nescafe", "regular_price": 11.89, "selling_price": 11.89, "price_per_unit": "pro 30 Stück | 100g = 39.64, 5.67 CHF", "breadcrumb": "Sortiment > Sortiment > Nescafé Dolce Gusto Espresso Buondi", "pdp_url": "https://sortiment.lidl.ch/de/nescafe-dolce-gusto-espresso-buondi-0003857", "product_description": "Artikelnr.: 3857"}
{"product_name": "Inst. Cappuccino", "brand": "bellarom", "regular_price": 2.79, "selling_price": 2.79, "price_per_unit": "pro 500g | 100g = 0.56 CHF", "breadcrumb": "Sortiment > Sortiment > Inst. Cappuccino", "pdp_url": "https://sortiment.lidl.ch/de/inst-cappuccino-0065268", "product_description": "Artikelnr.: 65268"}
{"product_name": "Nescafé Kaffee-Spezialitäten", "brand": "nescafe", "regular_price": 4.19, "selling_price": 4.19, "price_per_unit": "pro 125g, 144g | 100g = 3.36, 2.91 CHF", "breadcrumb": "Sortiment > Sortiment > Nescafé Kaffee-Spezialitäten", "pdp_url": "https://sortiment.lidl.ch/de/nescafe-kaffee-spezialitaeten-0002792", "product_description": "Artikelnr.: 2792"}
{"product_name": "Nescafé Gold", "brand": "nescafe", "regular_price": 13.95, "selling_price": 13.95, "price_per_unit": "pro 200g | 100g = 6.98 CHF", "breadcrumb": "Sortiment > Sortiment > Nescafé Gold", "pdp_url": "https://sortiment.lidl.ch/de/nescafe-gold-0001837", "product_description": "Artikelnr.: 1837"}
{"product_name": "Nescafé Dolce Gusto Espresso", "brand": "nescafe", "regular_price": 11.89, "selling_price": 11.89, "price_per_unit": "pro 30 Stück | 100g = 39.64, 7.21 CHF", "breadcrumb": "Sortiment > Sortiment > Nescafé Dolce Gusto Espresso", "pdp_url": "https://sortiment.lidl.ch/de/nescafe-dolce-gusto-espresso-0003762", "product_description": "Artikelnr.: 3762"}
{"product_name": "Incarom Original", "brand": "incarom", "regular_price": 12.95, "selling_price": 12.95, "price_per_unit": "pro 2x275g | 100g = 2.36 CHF", "breadcrumb": "Sortiment > Sortiment > Incarom Original", "pdp_url": "https://sortiment.lidl.ch/de/incarom-original-0001105", "product_description": "Artikelnr.: 1105"}
{"product_name": "Nescafé Gold de Luxe", "brand": "nescafe", "regular_price": 13.95, "selling_price": 13.95, "price_per_unit": "pro 200g | 100g = 6.98 CHF", "breadcrumb": "Sortiment > Sortiment > Nescafé Gold de Luxe", "pdp_url": "https://sortiment.lidl.ch/de/nescafe-gold-de-luxe-0001099", "product_description": "Artikelnr.: 1099"}
{"product_name": "Ricola Instant Tee", "brand": "ricola", "regular_price": 3.89, "selling_price": 3.89, "price_per_unit": "pro 200g | 100g = 1.95 CHF", "breadcrumb": "Sortiment > Sortiment > Ricola Instant Tee", "pdp_url": "https://sortiment.lidl.ch/de/ricola-instant-tee-0002530", "product_description": "Artikelnr.: 2530"}
{"product_name": "Kräutertee", "brand": "lord_nelson", "regular_price": 1.35, "selling_price": 1.35, "price_per_unit": "pro 25x2g | 100g = 3.14, 1.80, 2.70 CHF", "breadcrumb": "Sortiment > Sortiment > Kräutertee", "pdp_url": "https://sortiment.lidl.ch/de/kraeutertee-0019725", "product_description": "Artikelnr.: 19725"}
{"product_name": "Bio Fairtrade Tee", "brand": "fairglobe", "regular_price": 1.99, "selling_price": 1.99, "price_per_unit": "pro 25x1,75g, 25x2g | 100g = 4.63, 2.66, 3.98 CHF", "breadcrumb": "Sortiment > Sortiment > Bio Fairtrade Tee", "pdp_url": "https://sortiment.lidl.ch/de/bio-fairtrade-tee-0070905", "product_description": "Artikelnr.: 70905"}
{"product_name": "Breakfast Tea Ceylon-Assam", "brand": "lord_nelson", "regular_price": 0.85, "selling_price": 0.85, "price_per_unit": "pro 50x1,75g | 100g = 0.98, 17.00 CHF", "breadcrumb": "Sortiment > Sortiment > Breakfast Tea Ceylon-Assam", "pdp_url": "https://sortiment.lidl.ch/de/breakfast-tea-ceylon-assam-0142924", "product_description": "Artikelnr.: 142924"}
{"product_name": "Nesquik Kakaopulver", "brand": "nesquik", "regular_price": 9.25, "selling_price": 9.25, "price_per_unit": "pro 1kg |", "breadcrumb": "Sortiment > Sortiment > Nesquik Kakaopulver", "pdp_url": "https://sortiment.lidl.ch/de/nesquik-kakaopulver-0001107", "product_description": "Artikelnr.: 1107"}
{"product_name": "Pastete", "brand": "orlando", "regular_price": 0.75, "selling_price": 0.75, "price_per_unit": "pro 300g | 100g = 0.25 CHF", "breadcrumb": "Sortiment > Sortiment > Pastete", "pdp_url": "https://sortiment.lidl.ch/de/pastete-0025310", "product_description": "Artikelnr.: 25310"}
{"product_name": "Premium Katzenvollnahrung", "brand": "coshida_selection", "regular_price": 1.19, "selling_price": 1.19, "price_per_unit": "pro 415g | 100g = 0.29 CHF", "breadcrumb": "Sortiment > Sortiment > Premium Katzenvollnahrung", "pdp_url": "https://sortiment.lidl.ch/de/premium-katzenvollnahrung-0025285", "product_description": "Artikelnr.: 25285"}
{"product_name": "Katzenvollnahrung in Sauce", "brand": "coshida", "regular_price": 0.69, "selling_price": 0.69, "price_per_unit": "pro 415g | 100g = 0.17 CHF", "breadcrumb": "Sortiment > Sortiment > Katzenvollnahrung in Sauce", "pdp_url": "https://sortiment.lidl.ch/de/katzenvollnahrung-in-sauce-0025258", "product_description": "Artikelnr.: 25258"}
{"product_name": "Pastete / Ragout", "brand": "coshida", "regular_price": 0.25, "selling_price": 0.25, "price_per_unit": "pro 100g |", "breadcrumb": "Sortiment > Sortiment > Pastete / Ragout", "pdp_url": "https://sortiment.lidl.ch/de/pastete-ragout-0025243", "product_description": "Artikelnr.: 25243"}
{"product_name": "Gourmet Gold Katzennahrung", "brand": "gourmet_gold", "regular_price": 7.39, "selling_price": 7.39, "price_per_unit": "pro 8x85g | 100g = 1.09 CHF", "breadcrumb": "Sortiment > Sortiment > Gourmet Gold Katzennahrung", "pdp_url": "https://sortiment.lidl.ch/de/gourmet-gold-katzennahrung-0003507", "product_description": "Artikelnr.: 3507"}
{"product_name": "Gourmet Perle Katzennahrung in Sauce", "brand": "gourmet_perle", "regular_price": 8.69, "selling_price": 8.69, "price_per_unit": "pro 8x85g | 100g = 1.28 CHF", "breadcrumb": "Sortiment > Sortiment > Gourmet Perle Katzennahrung in Sauce", "pdp_url": "https://sortiment.lidl.ch/de/gourmet-perle-katzennahrung-in-sauce-0003626", "product_description": "Artikelnr.: 3626"}
{"product_name": "Snacks für Hunde", "brand": "orlando", "regular_price": 0.99, "selling_price": 0.99, "price_per_unit": "pro 100g, 150g, 200g | 100g = 0.99, 0.66, 0.50 CHF", "breadcrumb": "Sortiment > Sortiment > Snacks für Hunde", "pdp_url": "https://sortiment.lidl.ch/de/snacks-fuer-hunde-0130809", "product_description": "Artikelnr.: 130809"}
{"product_name": "Hunde Sticks", "brand": "orlando", "regular_price": 1.79, "selling_price": 1.79, "price_per_unit": "pro 88g | 100g = 2.04 CHF", "breadcrumb": "Sortiment > Sortiment > Hunde Sticks", "pdp_url": "https://sortiment.lidl.ch/de/hunde-sticks-0055891", "product_description": "Artikelnr.: 55891"}
{"product_name": "Kausnacks für Hunde", "brand": "orlando", "regular_price": 1.45, "selling_price": 1.45, "price_per_unit": "pro 175g, 180g, 200g, 275g | 100g = 0.83 bis 0.53", "breadcrumb": "Sortiment > Sortiment > Kausnacks für Hunde", "pdp_url": "https://sortiment.lidl.ch/de/kausnacks-fuer-hunde-0130815", "product_description": "Artikelnr.: 130815"}
{"product_name": "Katzensticks", "brand": "coshida", "regular_price": 1.49, "selling_price": 1.49, "price_per_unit": "pro 50g | 100g = 2.98 CHF", "breadcrumb": "Sortiment > Sortiment > Katzensticks", "pdp_url": "https://sortiment.lidl.ch/de/katzensticks-0038491", "product_description": "Artikelnr.: 38491"}
{"product_name": "Katzenstreu", "brand": "coshida", "regular_price": 3.95, "selling_price": 3.95, "price_per_unit": "pro 10l | 1L = 0.40 CHF", "breadcrumb": "Sortiment > Sortiment > Katzenstreu", "pdp_url": "https://sortiment.lidl.ch/de/katzenstreu-0138074", "product_description": "Artikelnr.: 138074"}
{"product_name": "Katzenstreu ultra weiss", "brand": "coshida", "regular_price": 2.99, "selling_price": 2.99, "price_per_unit": "pro 6l | 1L = 0.50 CHF", "breadcrumb": "Sortiment > Sortiment > Katzenstreu ultra weiss", "pdp_url": "https://sortiment.lidl.ch/de/katzenstreu-ultra-weiss-0036476", "product_description": "Artikelnr.: 36476"}
{"product_name": "Katzen-Trockenfutter", "brand": "coshida", "regular_price": 2.49, "selling_price": 2.49, "price_per_unit": "pro 2kg | 100g = 0.13 CHF", "breadcrumb": "Sortiment > Sortiment > Katzen-Trockenfutter", "pdp_url": "https://sortiment.lidl.ch/de/katzen-trockenfutter-0039750", "product_description": "Artikelnr.: 39750"}
{"product_name": "Felix Katzen-Trockenfutter", "brand": "felix", "regular_price": 25.35, "selling_price": 16.9, "price_per_unit": "pro 2kg | 100g = 0.85 CHF", "breadcrumb": "Sortiment > Sortiment > Felix Katzen-Trockenfutter", "pdp_url": "https://sortiment.lidl.ch/de/felix-katzen-trockenfutter-0002935", "product_description": "Artikelnr.: 2935"}
{"product_name": "Premium Hunde-Trockenfutter", "brand": "orlando", "regular_price": 4.95, "selling_price": 4.95, "price_per_unit": "pro 3kg | 100g = 0.17 CHF", "breadcrumb": "Sortiment > Sortiment > Premium Hunde-Trockenfutter", "pdp_url": "https://sortiment.lidl.ch/de/premium-hunde-trockenfutter-0018800", "product_description": "Artikelnr.: 18800"}
{"product_name": "Griechische Oliven", "brand": "baresa", "regular_price": 1.49, "selling_price": 1.49, "price_per_unit": "pro 200g (Abtropfgewicht) | 100g = 0.75 CHF", "breadcrumb": "Sortiment > Sortiment > Griechische Oliven", "pdp_url": "https://sortiment.lidl.ch/de/griechische-oliven-6200029", "product_description": "Artikelnr.: 6200029"}
{"product_name": "Gewürzgurken", "brand": "freshona", "regular_price": 1.65, "selling_price": 1.65, "price_per_unit": "pro 360g (Abtropfgewicht) | 100g = 0.46 CHF", "breadcrumb": "Sortiment > Sortiment > Gewürzgurken", "pdp_url": "https://sortiment.lidl.ch/de/gewuerzgurken-0029602", "product_description": "Artikelnr.: 29602"}
{"product_name": "Kapern", "brand": "freshona", "regular_price": 1.19, "selling_price": 1.19, "price_per_unit": "pro 60g (Abtropfgewicht) | 100g = 1.99 CHF", "breadcrumb": "Sortiment > Sortiment > Kapern", "pdp_url": "https://sortiment.lidl.ch/de/kapern-0029475", "product_description": "Artikelnr.: 29475"}
{"product_name": "Rote Peperoni geröstet", "brand": "freshona", "regular_price": 2.79, "selling_price": 2.79, "price_per_unit": "pro 400g (Abtropfgewicht) | 100g = 0.70 CHF", "breadcrumb": "Sortiment > Sortiment > Rote Peperoni geröstet", "pdp_url": "https://sortiment.lidl.ch/de/rote-peperoni-geroestet-0029446", "product_description": "Artikelnr.: 29446"}
{"product_name": "Sandwichgurken", "brand": "freshona", "regular_price": 1.99, "selling_price": 1.99, "price_per_unit": "pro 290g (Abtropfgewicht) | 100g = 0.69 CHF", "breadcrumb": "Sortiment > Sortiment > Sandwichgurken", "pdp_url": "https://sortiment.lidl.ch/de/sandwichgurken-0028337", "product_description": "Artikelnr.: 28337"}
{"product_name": "Oliven entsteint", "brand": "baresa", "regular_price": 0.89, "selling_price": 0.89, "price_per_unit": "pro 160g, 170g (Abtropfgewicht) | 100g = 0.56, 0.53 CHF", "breadcrumb": "Sortiment > Sortiment > Oliven entsteint", "pdp_url": "https://sortiment.lidl.ch/de/oliven-entsteint-0003046", "product_description": "Artikelnr.: 3046"}
{"product_name": "Chirat Cornichons", "brand": "chirat", "regular_price": 4.19, "selling_price": 4.19, "price_per_unit": "pro 230g (Abtropfgewicht) | 100g = 1.83 CHF", "breadcrumb": "Sortiment > Sortiment > Chirat Cornichons", "pdp_url": "https://sortiment.lidl.ch/de/chirat-cornichons-0001433", "product_description": "Artikelnr.: 1433"}
{"product_name": "Chirat Essiggurken", "brand": "chirat", "regular_price": 4.19, "selling_price": 4.19, "price_per_unit": "pro 430g (Abtropfgewicht) | 100g = 0.98 CHF", "breadcrumb": "Sortiment > Sortiment > Chirat Essiggurken", "pdp_url": "https://sortiment.lidl.ch/de/chirat-essiggurken-0001432", "product_description": "Artikelnr.: 1432"}
{"product_name": "Chirat Silberzwiebeln", "brand": "chirat", "regular_price": 3.89, "selling_price": 3.89, "price_per_unit": "pro 265g (Abtropfgewicht) | 100g = 1.47 CHF", "breadcrumb": "Sortiment > Sortiment > Chirat Silberzwiebeln", "pdp_url": "https://sortiment.lidl.ch/de/chirat-silberzwiebeln-0001431", "product_description": "Artikelnr.: 1431"}
{"product_name": "Tomatenpüree", "brand": "baresa", "regular_price": 0.95, "selling_price": 0.95, "price_per_unit": "pro 200g | 100g = 0.48 CHF", "breadcrumb": "Sortiment > Sortiment > Tomatenpüree", "pdp_url": "https://sortiment.lidl.ch/de/tomatenpueree-0028939", "product_description": "Artikelnr.: 28939"}
{"product_name": "Gehackte Tomaten", "brand": "baresa", "regular_price": 0.75, "selling_price": 0.75, "price_per_unit": "pro 400g | 100g = 0.19 CHF", "breadcrumb": "Sortiment > Sortiment > Gehackte Tomaten", "pdp_url": "https://sortiment.lidl.ch/de/gehackte-tomaten-0029239", "product_description": "Artikelnr.: 29239"}
{"product_name": "Kirschtomatensauce", "brand": "italiamo", "regular_price": 1.59, "selling_price": 1.59, "price_per_unit": "pro 330g | 100g = 0.49 CHF", "breadcrumb": "Sortiment > Sortiment > Kirschtomatensauce", "pdp_url": "https://sortiment.lidl.ch/de/kirschtomatensauce-6000017", "product_description": "Artikelnr.: 6000017"}
{"product_name": "Kichererbsen", "brand": "freshona", "regular_price": 1.89, "selling_price": 1.89, "price_per_unit": "pro 400g (Abtropfgewicht) | 100g = 0.48 CHF", "breadcrumb": "Sortiment > Sortiment > Kichererbsen", "pdp_url": "https://sortiment.lidl.ch/de/kichererbsen-5900018", "product_description": "Artikelnr.: 5900018"}
{"product_name": "Bio gehackte Tomaten gewürzt", "brand": "freshona", "regular_price": 1.19, "selling_price": 1.19, "price_per_unit": "pro 400g Abtropfgewicht | 100g = 0.30 CHF", "breadcrumb": "Sortiment > Sortiment > Bio gehackte Tomaten gewürzt", "pdp_url": "https://sortiment.lidl.ch/de/bio-gehackte-tomaten-gewuerzt-0126008", "product_description": "Artikelnr.: 126008"}
{"product_name": "Bio Gemüsemais", "brand": "freshona", "regular_price": 1.49, "selling_price": 1.49, "price_per_unit": "pro 285g (Abtropfgewicht) | 100g = 0.53 CHF", "breadcrumb": "Sortiment > Sortiment > Bio Gemüsemais", "pdp_url": "https://sortiment.lidl.ch/de/bio-gemuesemais-0119530", "product_description": "Artikelnr.: 119530"}
{"product_name": "Gemüsemais", "brand": "freshona", "regular_price": 2.49, "selling_price": 2.49, "price_per_unit": "pro 420g (Abtropfgewicht) | 100g = 0.60 CHF", "breadcrumb": "Sortiment > Sortiment > Gemüsemais", "pdp_url": "https://sortiment.lidl.ch/de/gemuesemais-0038640", "product_description": "Artikelnr.: 38640"}
{"product_name": "Rote Kidney Bohnen", "brand": "freshona", "regular_price": 0.99, "selling_price": 0.99, "price_per_unit": "pro 255g (Abtropfgewicht) | 100g = 0.39 CHF", "breadcrumb": "Sortiment > Sortiment > Rote Kidney Bohnen", "pdp_url": "https://sortiment.lidl.ch/de/rote-kidney-bohnen-0032716", "product_description": "Artikelnr.: 32716"}
{"product_name": "Erbsen", "brand": "freshona", "regular_price": 1.39, "selling_price": 1.39, "price_per_unit": "pro 280g (Abtropfgewicht) | 100g = 0.50 CHF", "breadcrumb": "Sortiment > Sortiment > Erbsen", "pdp_url": "https://sortiment.lidl.ch/de/erbsen-0029408", "product_description": "Artikelnr.: 29408"}
{"product_name": "Tomatensauce mit Basilikum", "brand": "", "regular_price": 1.25, "selling_price": 1.25, "price_per_unit": "pro 700g | 100g = 0.18 CHF", "breadcrumb": "Sortiment > Sortiment > Tomatensauce mit Basilikum", "pdp_url": "https://sortiment.lidl.ch/de/tomatensauce-mit-basilikum-0029251", "product_description": "Artikelnr.: 29251"}
{"product_name": "Champignons in Scheiben", "brand": "freshona", "regular_price": 0.89, "selling_price": 0.89, "price_per_unit": "pro 170g (Abtropfgewicht) | 100g = 0.53 CHF", "breadcrumb": "Sortiment > Sortiment > Champignons in Scheiben", "pdp_url": "https://sortiment.lidl.ch/de/champignons-in-scheiben-0028923", "product_description": "Artikelnr.: 28923"}
{"product_name": "Champignons in Scheiben", "brand": "freshona", "regular_price": 1.69, "selling_price": 1.69, "price_per_unit": "pro 170g (Abtropfgewicht) | 100g = 1.00 CHF", "breadcrumb": "Sortiment > Sortiment > Champignons in Scheiben", "pdp_url": "https://sortiment.lidl.ch/de/champignons-in-scheiben-0028920", "product_description": "Artikelnr.: 28920"}
{"product_name": "Gemüsemais", "brand": "freshona", "regular_price": 0.95, "selling_price": 0.95, "price_per_unit": "pro 285g (Abtropfgewicht) | 100g = 0.34 CHF", "breadcrumb": "Sortiment > Sortiment > Gemüsemais", "pdp_url": "https://sortiment.lidl.ch/de/gemuesemais-0028260", "product_description": "Artikelnr.: 28260"}
{"product_name": "Erbsen mit Karotten", "brand": "freshona", "regular_price": 1.79, "selling_price": 1.79, "price_per_unit": "pro 540g (Abtropfgewicht) | 100g = 0.34 CHF", "breadcrumb": "Sortiment > Sortiment > Erbsen mit Karotten", "pdp_url": "https://sortiment.lidl.ch/de/erbsen-mit-karotten-0003012", "product_description": "Artikelnr.: 3012"}
{"product_name": "Bio Fruchtpüree", "brand": "freshona", "regular_price": 2.99, "selling_price": 2.99, "price_per_unit": "pro 4x100g | 100g = 0.75 CHF", "breadcrumb": "Sortiment > Sortiment > Bio Fruchtpüree", "pdp_url": "https://sortiment.lidl.ch/de/bio-fruchtpueree-0126717", "product_description": "Artikelnr.: 126717"}
{"product_name": "Kokosnussmilch", "brand": "freshona", "regular_price": 1.85, "selling_price": 1.85, "price_per_unit": "pro 400ml | 1L = 4.63 CHF", "breadcrumb": "Sortiment > Sortiment > Kokosnussmilch", "pdp_url": "https://sortiment.lidl.ch/de/kokosnussmilch-0124068", "product_description": "Artikelnr.: 124068"}
{"product_name": "Machland Bio fruit & go Squeezer", "brand": "machland", "regular_price": 0.85, "selling_price": 0.85, "price_per_unit": "pro 100g |", "breadcrumb": "Sortiment > Sortiment > Machland Bio fruit & go Squeezer", "pdp_url": "https://sortiment.lidl.ch/de/machland-bio-fruit-go-squeezer-0003354", "product_description": "Artikelnr.: 3354"}
{"product_name": "Apfelmus", "brand": "freshona", "regular_price": 0.95, "selling_price": 0.95, "price_per_unit": "pro 720ml | 100g = 0.14 CHF", "breadcrumb": "Sortiment > Sortiment > Apfelmus", "pdp_url": "https://sortiment.lidl.ch/de/apfelmus-0143541", "product_description": "Artikelnr.: 143541"}
{"product_name": "Schweizer Schmelzkäse", "brand": "fromani", "regular_price": 2.95, "selling_price": 2.95, "price_per_unit": "pro 200g | 100g = 1.48 CHF", "breadcrumb": "Sortiment > Sortiment > Schweizer Schmelzkäse", "pdp_url": "https://sortiment.lidl.ch/de/schweizer-schmelzkaese-0044025", "product_description": "Artikelnr.: 44025"}
{"product_name": "Fertig-Fondue Moitié-Moitié", "brand": "fromani", "regular_price": 11.99, "selling_price": 11.99, "price_per_unit": "pro 800g | 100g = 1.50 CHF", "breadcrumb": "Sortiment > Sortiment > Fertig-Fondue Moitié-Moitié", "pdp_url": "https://sortiment.lidl.ch/de/fertig-fondue-moitie-moitie-0032177", "product_description": "Artikelnr.: 32177"}
{"product_name": "Fertig-Fondue Classique", "brand": "fromani", "regular_price": 6.99, "selling_price": 6.99, "price_per_unit": "pro 800g | 100g = 0.88 CHF", "breadcrumb": "Sortiment > Sortiment > Fertig-Fondue Classique", "pdp_url": "https://sortiment.lidl.ch/de/fertig-fondue-classique-0032176", "product_description": "Artikelnr.: 32176"}
{"product_name": "Schmelzkäse-Ecken", "brand": "milbona", "regular_price": 3.49, "selling_price": 3.49, "price_per_unit": "pro 400g | 100g = 0.88 CHF", "breadcrumb": "Sortiment > Sortiment > Schmelzkäse-Ecken", "pdp_url": "https://sortiment.lidl.ch/de/schmelzkaese-ecken-0019223", "product_description": "Artikelnr.: 19223"}
{"product_name": "Haushalts-Handschuhe", "brand": "w5", "regular_price": 1.49, "selling_price": 1.49, "price_per_unit": "pro 4 Stück |", "breadcrumb": "Sortiment > Sortiment > Haushalts-Handschuhe", "pdp_url": "https://sortiment.lidl.ch/de/haushalts-handschuhe-0115731", "product_description": "Artikelnr.: 115731"}
{"product_name": "Einweghandschuhe Latex", "brand": "w5", "regular_price": 8.89, "selling_price": 8.89, "price_per_unit": "pro 100 Stück |", "breadcrumb": "Sortiment > Sortiment > Einweghandschuhe Latex", "pdp_url": "https://sortiment.lidl.ch/de/einweghandschuhe-latex-0089720", "product_description": "Artikelnr.: 89720"}
{"product_name": "Feuerzeug", "brand": "", "regular_price": 1.49, "selling_price": 1.49, "price_per_unit": "pro 3 Stück |", "breadcrumb": "Sortiment > Sortiment > Feuerzeug", "pdp_url": "https://sortiment.lidl.ch/de/feuerzeug-0018798", "product_description": "Artikelnr.: 18798"}
{"product_name": "Batterie AAA", "brand": "", "regular_price": 3.99, "selling_price": 3.99, "price_per_unit": "pro 8 Stück |", "breadcrumb": "Sortiment > Sortiment > Batterie AAA", "pdp_url": "https://sortiment.lidl.ch/de/batterie-aaa-0029863", "product_description": "Artikelnr.: 29863"}
{"product_name": "Batterien AA", "brand": "aerocell", "regular_price": 4.99, "selling_price": 4.99, "price_per_unit": "pro 8 Stück | 1 Stk = 0.63 CHF", "breadcrumb": "Sortiment > Sortiment > Batterien AA", "pdp_url": "https://sortiment.lidl.ch/de/batterien-aa-0029862", "product_description": "Artikelnr.: 29862"}
{"product_name": "Papiertragetasche FSC", "brand": "", "regular_price": 0.29, "selling_price": 0.29, "price_per_unit": "pro Stück |", "breadcrumb": "Sortiment > Sortiment > Papiertragetasche FSC", "pdp_url": "https://sortiment.lidl.ch/de/papiertragetasche-fsc-0123997", "product_description": "Artikelnr.: 123997"}
{"product_name": "Permanent Tragetasche", "brand": "", "regular_price": 1.79, "selling_price": 1.79, "price_per_unit": "pro Stück |", "breadcrumb": "Sortiment > Sortiment > Permanent Tragetasche", "pdp_url": "https://sortiment.lidl.ch/de/permanent-tragetasche-0119607", "product_description": "Artikelnr.: 119607"}
{"product_name": "Protein Bar 50% Protein", "brand": "", "regular_price": 3.99, "selling_price": 3.99, "price_per_unit": "pro 3x45g | 100g = 2.96 CHF", "breadcrumb": "Sortiment > Sortiment > Protein Bar 50% Protein", "pdp_url": "https://sortiment.lidl.ch/de/protein-bar-50-protein-7706608", "product_description": "Artikelnr.: 7706608"}
{"product_name": "Omega-3 Kapseln", "brand": "", "regular_price": 4.39, "selling_price": 4.39, "price_per_unit": "pro 40 Stück | 1 Stk = 0.11 CHF", "breadcrumb": "Sortiment > Sortiment > Omega-3 Kapseln", "pdp_url": "https://sortiment.lidl.ch/de/omega-3-kapseln-0140167", "product_description": "Artikelnr.: 140167"}
{"product_name": "Magnesium Brause-Tabletten", "brand": "optisana", "regular_price": 0.79, "selling_price": 0.79, "price_per_unit": "pro 80g |", "breadcrumb": "Sortiment > Sortiment > Magnesium Brause-Tabletten", "pdp_url": "https://sortiment.lidl.ch/de/magnesium-brause-tabletten-0051523", "product_description": "Artikelnr.: 51523"}
{"product_name": "Calcium Brause-Tabletten", "brand": "optisana", "regular_price": 0.79, "selling_price": 0.79, "price_per_unit": "pro 90g |", "breadcrumb": "Sortiment > Sortiment > Calcium Brause-Tabletten", "pdp_url": "https://sortiment.lidl.ch/de/calcium-brause-tabletten-0051522", "product_description": "Artikelnr.: 51522"}
{"product_name": "Multi-Vitamin Brause-Tabletten", "brand": "optisana", "regular_price": 0.79, "selling_price": 0.79, "price_per_unit": "pro 90g |", "breadcrumb": "Sortiment > Sortiment > Multi-Vitamin Brause-Tabletten", "pdp_url": "https://sortiment.lidl.ch/de/multi-vitamin-brause-tabletten-0051521", "product_description": "Artikelnr.: 51521"}
{"product_name": "Vitamin C Brause-Tabletten", "brand": "optisana", "regular_price": 0.79, "selling_price": 0.79, "price_per_unit": "pro 80g |", "breadcrumb": "Sortiment > Sortiment > Vitamin C Brause-Tabletten", "pdp_url": "https://sortiment.lidl.ch/de/vitamin-c-brause-tabletten-0051515", "product_description": "Artikelnr.: 51515"}
{"product_name": "Aoste Stickado", "brand": "aoste", "regular_price": 3.99, "selling_price": 3.99, "price_per_unit": "pro 60g, 70g | 100g = 6.65, 5.70 CHF", "breadcrumb": "Sortiment > Sortiment > Aoste Stickado", "pdp_url": "https://sortiment.lidl.ch/de/aoste-stickado-5605984", "product_description": "Artikelnr.: 5605984"}
{"product_name": "Malbuner Mini Sticks", "brand": "malbuner", "regular_price": 2.65, "selling_price": 2.65, "price_per_unit": "pro 5x18g | 100g = 2.95 CHF", "breadcrumb": "Sortiment > Sortiment > Malbuner Mini Sticks", "pdp_url": "https://sortiment.lidl.ch/de/malbuner-mini-sticks-0003010", "product_description": "Artikelnr.: 3010"}
{"product_name": "Salametti", "brand": "maestade", "regular_price": 4.95, "selling_price": 4.95, "price_per_unit": "pro 3x70g | 100g = 2.36 CHF", "breadcrumb": "Sortiment > Sortiment > Salametti", "pdp_url": "https://sortiment.lidl.ch/de/salametti-0001508", "product_description": "Artikelnr.: 1508"}
{"product_name": "Südtiroler Speck", "brand": "", "regular_price": 3.85, "selling_price": 3.85, "price_per_unit": "pro 100g, ca.300-450g |", "breadcrumb": "Sortiment > Sortiment > Südtiroler Speck", "pdp_url": "https://sortiment.lidl.ch/de/suedtiroler-speck-0010723", "product_description": "Artikelnr.: 10723"}
{"product_name": "Quick Schüfeli", "brand": "maestade", "regular_price": 1.79, "selling_price": 1.79, "price_per_unit": "pro 100g, ca. 800-1200g |", "breadcrumb": "Sortiment > Sortiment > Quick Schüfeli", "pdp_url": "https://sortiment.lidl.ch/de/quick-schuefeli-0003321", "product_description": "Artikelnr.: 3321"}
{"product_name": "Quick Nussschinkli", "brand": "maestade", "regular_price": 1.99, "selling_price": 1.99, "price_per_unit": "pro 100g, ca. 900-1300g |", "breadcrumb": "Sortiment > Sortiment > Quick Nussschinkli", "pdp_url": "https://sortiment.lidl.ch/de/quick-nussschinkli-0003320", "product_description": "Artikelnr.: 3320"}
{"product_name": "Schlaghalbrahm 30%", "brand": "milbona", "regular_price": 3.99, "selling_price": 3.99, "price_per_unit": "pro 250g | 100g = 1.60 CHF", "breadcrumb": "Sortiment > Sortiment > Schlaghalbrahm 30%", "pdp_url": "https://sortiment.lidl.ch/de/schlaghalbrahm-30-0002850", "product_description": "Artikelnr.: 2850"}
{"product_name": "Crème fraîche nature", "brand": "milbona", "regular_price": 2.49, "selling_price": 2.49, "price_per_unit": "pro 200g | 100g = 1.25 CHF", "breadcrumb": "Sortiment > Sortiment > Crème fraîche nature", "pdp_url": "https://sortiment.lidl.ch/de/creme-fraiche-nature-0002384", "product_description": "Artikelnr.: 2384"}
{"product_name": "Saurer Halbrahm", "brand": "milbona", "regular_price": 1.55, "selling_price": 1.55, "price_per_unit": "pro 200g | 100g = 0.78 CHF", "breadcrumb": "Sortiment > Sortiment > Saurer Halbrahm", "pdp_url": "https://sortiment.lidl.ch/de/saurer-halbrahm-0002383", "product_description": "Artikelnr.: 2383"}
{"product_name": "Rama Cremefine zum Kochen", "brand": "rama", "regular_price": 1.79, "selling_price": 1.79, "price_per_unit": "pro 250ml | 1L = 7.16 CHF", "breadcrumb": "Sortiment > Sortiment > Rama Cremefine zum Kochen", "pdp_url": "https://sortiment.lidl.ch/de/rama-cremefine-zum-kochen-0001472", "product_description": "Artikelnr.: 1472"}
{"product_name": "Tessiner Eier", "brand": "", "regular_price": 3.39, "selling_price": 2.79, "price_per_unit": "pro 6 Stück |", "breadcrumb": "Sortiment > Sortiment > Tessiner Eier", "pdp_url": "https://sortiment.lidl.ch/de/tessiner-eier-5104722", "product_description": "Artikelnr.: 5104722"}
{"product_name": "Schweizer Eier Bodenhaltung", "brand": "", "regular_price": 3.95, "selling_price": 3.95, "price_per_unit": "pro 10 Stück | 1 Stk = 0.40 CHF", "breadcrumb": "Sortiment > Sortiment > Schweizer Eier Bodenhaltung", "pdp_url": "https://sortiment.lidl.ch/de/schweizer-eier-bodenhaltung-0001344", "product_description": "Artikelnr.: 1344"}
{"product_name": "Schweizer Kochbutter", "brand": "milbona", "regular_price": 3.49, "selling_price": 3.49, "price_per_unit": "pro 250g | 100g = 1.40 CHF", "breadcrumb": "Sortiment > Sortiment > Schweizer Kochbutter", "pdp_url": "https://sortiment.lidl.ch/de/schweizer-kochbutter-0003031", "product_description": "Artikelnr.: 3031"}
{"product_name": "Bio Butter", "brand": "milbona", "regular_price": 4.25, "selling_price": 4.25, "price_per_unit": "pro 200g | 100g = 2.13 CHF", "breadcrumb": "Sortiment > Sortiment > Bio Butter", "pdp_url": "https://sortiment.lidl.ch/de/bio-butter-0003266", "product_description": "Artikelnr.: 3266"}
{"product_name": "Züger Bura Streichfett", "brand": "zuger", "regular_price": 3.95, "selling_price": 3.95, "price_per_unit": "pro 225g | 100g = 1.76 CHF", "breadcrumb": "Sortiment > Sortiment > Züger Bura Streichfett", "pdp_url": "https://sortiment.lidl.ch/de/zueger-bura-streichfett-0003235", "product_description": "Artikelnr.: 3235"}
{"product_name": "Glarner Beurre au Ziger", "brand": "", "regular_price": 2.79, "selling_price": 2.79, "price_per_unit": "pro 80g | 100g = 3.49 CHF", "breadcrumb": "Sortiment > Sortiment > Glarner Beurre au Ziger", "pdp_url": "https://sortiment.lidl.ch/de/glarner-beurre-au-ziger-0002692", "product_description": "Artikelnr.: 2692"}
{"product_name": "Nestlé Hirz Kräuterbutter", "brand": "nestle", "regular_price": 3.29, "selling_price": 3.29, "price_per_unit": "pro 100g |", "breadcrumb": "Sortiment > Sortiment > Nestlé Hirz Kräuterbutter", "pdp_url": "https://sortiment.lidl.ch/de/nestle-hirz-kraeuterbutter-0001677", "product_description": "Artikelnr.: 1677"}
{"product_name": "Floralp Vorzugsbutter", "brand": "floralp", "regular_price": 3.59, "selling_price": 3.59, "price_per_unit": "pro 200g | 100g = 1.80 CHF", "breadcrumb": "Sortiment > Sortiment > Floralp Vorzugsbutter", "pdp_url": "https://sortiment.lidl.ch/de/floralp-vorzugsbutter-0001634", "product_description": "Artikelnr.: 1634"}
{"product_name": "Knorr Bouillon", "brand": "knorr", "regular_price": 9.49, "selling_price": 9.49, "price_per_unit": "pro 228g, 240g | 100g = 4.17, 3.96 CHF", "breadcrumb": "Sortiment > Sortiment > Knorr Bouillon", "pdp_url": "https://sortiment.lidl.ch/de/knorr-bouillon-0003428", "product_description": "Artikelnr.: 3428"}
{"product_name": "Knorr Quick Soup", "brand": "knorr", "regular_price": 2.19, "selling_price": 2.19, "price_per_unit": "pro 34g, 48g, 56g | 100g = 6.45 bis 3.54", "breadcrumb": "Sortiment > Sortiment > Knorr Quick Soup", "pdp_url": "https://sortiment.lidl.ch/de/knorr-quick-soup-0003214", "product_description": "Artikelnr.: 3214"}
{"product_name": "Bio Bouillon", "brand": "kania", "regular_price": 1.29, "selling_price": 1.29, "price_per_unit": "pro 140g | 100g = 0.93 CHF", "breadcrumb": "Sortiment > Sortiment > Bio Bouillon", "pdp_url": "https://sortiment.lidl.ch/de/bio-bouillon-0123689", "product_description": "Artikelnr.: 123689"}
{"product_name": "Gemüse-Bouillon", "brand": "kania", "regular_price": 0.89, "selling_price": 0.89, "price_per_unit": "pro 120g | 100g = 0.75 CHF", "breadcrumb": "Sortiment > Sortiment > Gemüse-Bouillon", "pdp_url": "https://sortiment.lidl.ch/de/gemuese-bouillon-0036474", "product_description": "Artikelnr.: 36474"}
{"product_name": "Knorr Bouillon Paste/Granulat", "brand": "knorr", "regular_price": 9.49, "selling_price": 9.49, "price_per_unit": "pro 200g, 240g, 250g | 100g = 4.75, 3.96, 3.80 CHF", "breadcrumb": "Sortiment > Sortiment > Knorr Bouillon Paste/Granulat", "pdp_url": "https://sortiment.lidl.ch/de/knorr-bouillon-paste-granulat-0003427", "product_description": "Artikelnr.: 3427"}
{"product_name": "Hühner-Bouillon", "brand": "kania", "regular_price": 0.89, "selling_price": 0.89, "price_per_unit": "pro 120g | 100g = 0.75 CHF", "breadcrumb": "Sortiment > Sortiment > Hühner-Bouillon", "pdp_url": "https://sortiment.lidl.ch/de/huehner-bouillon-0063258", "product_description": "Artikelnr.: 63258"}
{"product_name": "Maggi Gewürzmischung", "brand": "maggi", "regular_price": 2.35, "selling_price": 2.35, "price_per_unit": "pro 29g-50g | 100g = 8.11 bis 4.70", "breadcrumb": "Sortiment > Sortiment > Maggi Gewürzmischung", "pdp_url": "https://sortiment.lidl.ch/de/maggi-gewuerzmischung-5107307", "product_description": "Artikelnr.: 5107307"}
{"product_name": "Fleisch-Bouillon", "brand": "kania", "regular_price": 0.89, "selling_price": 0.89, "price_per_unit": "pro 120g | 100g = 0.75 CHF", "breadcrumb": "Sortiment > Sortiment > Fleisch-Bouillon", "pdp_url": "https://sortiment.lidl.ch/de/fleisch-bouillon-0036468", "product_description": "Artikelnr.: 36468"}
{"product_name": "Knorr Stocki", "brand": "knorr", "regular_price": 6.95, "selling_price": 6.95, "price_per_unit": "pro 440g | 100g = 1.58 CHF", "breadcrumb": "Sortiment > Sortiment > Knorr Stocki", "pdp_url": "https://sortiment.lidl.ch/de/knorr-stocki-0002838", "product_description": "Artikelnr.: 2838"}
{"product_name": "Bratensauce Paste/Granulat", "brand": "kania", "regular_price": 3.99, "selling_price": 3.99, "price_per_unit": "pro 400g | 100g = 1.00 CHF", "breadcrumb": "Sortiment > Sortiment > Bratensauce Paste/Granulat", "pdp_url": "https://sortiment.lidl.ch/de/bratensauce-paste-granulat-0112775", "product_description": "Artikelnr.: 112775"}
{"product_name": "Knorr Bratensauce", "brand": "knorr", "regular_price": 7.19, "selling_price": 7.19, "price_per_unit": "pro 230g | 100g = 3.13 CHF", "breadcrumb": "Sortiment > Sortiment > Knorr Bratensauce", "pdp_url": "https://sortiment.lidl.ch/de/knorr-bratensauce-0003429", "product_description": "Artikelnr.: 3429"}
{"product_name": "Knorr Bratensauce", "brand": "knorr", "regular_price": 4.19, "selling_price": 4.19, "price_per_unit": "pro 150g | 100g = 2.80 CHF", "breadcrumb": "Sortiment > Sortiment > Knorr Bratensauce", "pdp_url": "https://sortiment.lidl.ch/de/knorr-bratensauce-0001447", "product_description": "Artikelnr.: 1447"}
{"product_name": "MSC Heringsfilets", "brand": "nixe", "regular_price": 1.99, "selling_price": 1.99, "price_per_unit": "pro 200g | 100g = 1.00 CHF", "breadcrumb": "Sortiment > Sortiment > MSC Heringsfilets", "pdp_url": "https://sortiment.lidl.ch/de/msc-heringsfilets-0012408", "product_description": "Artikelnr.: 12408"}
{"product_name": "MSC Thunfisch im eigenen Saft", "brand": "nixe", "regular_price": 1.39, "selling_price": 1.39, "price_per_unit": "pro 112g (Abtropfgewicht) | 100g = 1.25 CHF", "breadcrumb": "Sortiment > Sortiment > MSC Thunfisch im eigenen Saft", "pdp_url": "https://sortiment.lidl.ch/de/msc-thunfisch-im-eigenen-saft-0146110", "product_description": "Artikelnr.: 146110"}
{"product_name": "Ferrero Nutella", "brand": "", "regular_price": 3.99, "selling_price": 3.99, "price_per_unit": "pro 450g | 100g = 0.89 CHF", "breadcrumb": "Sortiment > Sortiment > Ferrero Nutella", "pdp_url": "https://sortiment.lidl.ch/de/ferrero-nutella-0002334", "product_description": "Artikelnr.: 2334"}
{"product_name": "Bio Ahornsirup", "brand": "maribel", "regular_price": 4.95, "selling_price": 4.95, "price_per_unit": "pro 250ml | 1L = 19.80 CHF", "breadcrumb": "Sortiment > Sortiment > Bio Ahornsirup", "pdp_url": "https://sortiment.lidl.ch/de/bio-ahornsirup-0119550", "product_description": "Artikelnr.: 119550"}
{"product_name": "Choco Duo Creme", "brand": "mister_choc", "regular_price": 1.85, "selling_price": 1.85, "price_per_unit": "pro 400g | 100g = 0.47 CHF", "breadcrumb": "Sortiment > Sortiment > Choco Duo Creme", "pdp_url": "https://sortiment.lidl.ch/de/choco-duo-creme-0104580", "product_description": "Artikelnr.: 104580"}
{"product_name": "Nuss-Nougat Creme", "brand": "choco_nussa", "regular_price": 1.85, "selling_price": 1.85, "price_per_unit": "pro 400g | 100g = 0.47 CHF", "breadcrumb": "Sortiment > Sortiment > Nuss-Nougat Creme", "pdp_url": "https://sortiment.lidl.ch/de/nuss-nougat-creme-0022859", "product_description": "Artikelnr.: 22859"}
{"product_name": "Ferrero Nutella", "brand": "", "regular_price": 4.95, "selling_price": 4.95, "price_per_unit": "pro 750g | 100g = 0.66 CHF", "breadcrumb": "Sortiment > Sortiment > Ferrero Nutella", "pdp_url": "https://sortiment.lidl.ch/de/ferrero-nutella-0003365", "product_description": "Artikelnr.: 3365"}
{"product_name": "Bio Blütenhonig", "brand": "maribel", "regular_price": 4.99, "selling_price": 4.99, "price_per_unit": "pro 500g | 100g = 1.00 CHF", "breadcrumb": "Sortiment > Sortiment > Bio Blütenhonig", "pdp_url": "https://sortiment.lidl.ch/de/bio-bluetenhonig-0052439", "product_description": "Artikelnr.: 52439"}
{"product_name": "Bio Konfitüre", "brand": "maribel", "regular_price": 1.89, "selling_price": 1.89, "price_per_unit": "pro 260g | 100g = 0.73 CHF", "breadcrumb": "Sortiment > Sortiment > Bio Konfitüre", "pdp_url": "https://sortiment.lidl.ch/de/bio-konfituere-0052200", "product_description": "Artikelnr.: 52200"}
{"product_name": "Frucht-Aufstrich", "brand": "deluxe", "regular_price": 1.99, "selling_price": 1.49, "price_per_unit": "pro 250g | 100g = 0.60 CHF", "breadcrumb": "Sortiment > Sortiment > Frucht-Aufstrich", "pdp_url": "https://sortiment.lidl.ch/de/frucht-aufstrich-0048251", "product_description": "Artikelnr.: 48251"}
{"product_name": "Bitterorange / Rhabarber- Erdbeer", "brand": "maribel", "regular_price": 1.59, "selling_price": 1.59, "price_per_unit": "pro 450g | 100g = 0.36 CHF", "breadcrumb": "Sortiment > Sortiment > Bitterorange / Rhabarber- Erdbeer", "pdp_url": "https://sortiment.lidl.ch/de/bitterorange-rhabarber-erdbeer-0031640", "product_description": "Artikelnr.: 31640"}
{"product_name": "Schwarzkirsch Konfitüre extra", "brand": "maribel", "regular_price": 1.95, "selling_price": 1.95, "price_per_unit": "pro 450g | 100g = 0.44 CHF", "breadcrumb": "Sortiment > Sortiment > Schwarzkirsch Konfitüre extra", "pdp_url": "https://sortiment.lidl.ch/de/schwarzkirsch-konfituere-extra-0031633", "product_description": "Artikelnr.: 31633"}
{"product_name": "Nestlé BEBA Optipro Junior", "brand": "nestle", "regular_price": 20.99, "selling_price": 20.99, "price_per_unit": "pro 800g | 100g = 2.63 CHF", "breadcrumb": "Sortiment > Sortiment > Nestlé BEBA Optipro Junior", "pdp_url": "https://sortiment.lidl.ch/de/nestle-beba-optipro-junior-5106266", "product_description": "Artikelnr.: 5106266"}
{"product_name": "Nestlé Milchgriess", "brand": "nestle", "regular_price": 8.89, "selling_price": 8.89, "price_per_unit": "pro 450g | 100g = 1.98 CHF", "breadcrumb": "Sortiment > Sortiment > Nestlé Milchgriess", "pdp_url": "https://sortiment.lidl.ch/de/nestle-milchgriess-5106270", "product_description": "Artikelnr.: 5106270"}
{"product_name": "Kaffeerahm Portionen", "brand": "", "regular_price": 1.19, "selling_price": 1.19, "price_per_unit": "pro 20x12g | 100g = 0.50 CHF", "breadcrumb": "Sortiment > Sortiment > Kaffeerahm Portionen", "pdp_url": "https://sortiment.lidl.ch/de/kaffeerahm-portionen-0001573", "product_description": "Artikelnr.: 1573"}
{"product_name": "Kaffeerahm", "brand": "milbona", "regular_price": 1.25, "selling_price": 1.25, "price_per_unit": "pro 250ml | 1L = 5.00 CHF", "breadcrumb": "Sortiment > Sortiment > Kaffeerahm", "pdp_url": "https://sortiment.lidl.ch/de/kaffeerahm-5104185", "product_description": "Artikelnr.: 5104185"}
{"product_name": "Kaffeerahm", "brand": "milbona", "regular_price": 1.99, "selling_price": 1.99, "price_per_unit": "pro 500ml | 1L = 3.98 CHF", "breadcrumb": "Sortiment > Sortiment > Kaffeerahm", "pdp_url": "https://sortiment.lidl.ch/de/kaffeerahm-5103532", "product_description": "Artikelnr.: 5103532"}
{"product_name": "Halbrahm UHT 25%", "brand": "milbona", "regular_price": 2.69, "selling_price": 2.25, "price_per_unit": "pro 500ml | 1L = 4.50 CHF", "breadcrumb": "Sortiment > Sortiment > Halbrahm UHT 25%", "pdp_url": "https://sortiment.lidl.ch/de/halbrahm-uht-25-0002316", "product_description": "Artikelnr.: 2316"}
{"product_name": "Vollrahm 35%", "brand": "milbona", "regular_price": 3.49, "selling_price": 3.49, "price_per_unit": "pro 500ml | 1L = 6.98 CHF", "breadcrumb": "Sortiment > Sortiment > Vollrahm 35%", "pdp_url": "https://sortiment.lidl.ch/de/vollrahm-35-0002315", "product_description": "Artikelnr.: 2315"}
{"product_name": "Bio Sojadrink", "brand": "milbona", "regular_price": 1.59, "selling_price": 1.59, "price_per_unit": "pro 1l |", "breadcrumb": "Sortiment > Sortiment > Bio Sojadrink", "pdp_url": "https://sortiment.lidl.ch/de/bio-sojadrink-0127358", "product_description": "Artikelnr.: 127358"}
{"product_name": "Choco-Drink", "brand": "milbona", "regular_price": 0.55, "selling_price": 0.55, "price_per_unit": "pro 250ml | 1L = 2.20 CHF", "breadcrumb": "Sortiment > Sortiment > Choco-Drink", "pdp_url": "https://sortiment.lidl.ch/de/choco-drink-0005350", "product_description": "Artikelnr.: 5350"}
{"product_name": "Choco-Drink", "brand": "milbona", "regular_price": 0.89, "selling_price": 0.89, "price_per_unit": "pro 500ml | 1L = 1.78 CHF", "breadcrumb": "Sortiment > Sortiment > Choco-Drink", "pdp_url": "https://sortiment.lidl.ch/de/choco-drink-0001574", "product_description": "Artikelnr.: 1574"}
{"product_name": "Milchdrink laktosefrei 1,5%", "brand": "milbona", "regular_price": 1.99, "selling_price": 1.99, "price_per_unit": "pro 1000ml |", "breadcrumb": "Sortiment > Sortiment > Milchdrink laktosefrei 1,5%", "pdp_url": "https://sortiment.lidl.ch/de/milchdrink-laktosefrei-1-5-5107921", "product_description": "Artikelnr.: 5107921"}
{"product_name": "Magermilch 0,1%", "brand": "milbona", "regular_price": 1.55, "selling_price": 1.55, "price_per_unit": "pro 1000ml |", "breadcrumb": "Sortiment > Sortiment > Magermilch 0,1%", "pdp_url": "https://sortiment.lidl.ch/de/magermilch-0-1-5106480", "product_description": "Artikelnr.: 5106480"}
{"product_name": "Vollmilch 3,5%", "brand": "milbona", "regular_price": 1.85, "selling_price": 1.85, "price_per_unit": "pro 1500ml | 1L = 1.24 CHF", "breadcrumb": "Sortiment > Sortiment > Vollmilch 3,5%", "pdp_url": "https://sortiment.lidl.ch/de/vollmilch-3-5-0034593", "product_description": "Artikelnr.: 34593"}
{"product_name": "Milchdrink 1,5%", "brand": "milbona", "regular_price": 1.85, "selling_price": 1.85, "price_per_unit": "pro 1500ml | 1L = 1.24 CHF", "breadcrumb": "Sortiment > Sortiment > Milchdrink 1,5%", "pdp_url": "https://sortiment.lidl.ch/de/milchdrink-1-5-0034590", "product_description": "Artikelnr.: 34590"}
{"product_name": "L&M Fine Cut Blue Label Box", "brand": "", "regular_price": 8.19, "selling_price": 8.19, "price_per_unit": "pro 20 Stück |", "breadcrumb": "Sortiment > Sortiment > L&M Fine Cut Blue Label Box", "pdp_url": "https://sortiment.lidl.ch/de/l-m-fine-cut-blue-label-box-5105404", "product_description": "Artikelnr.: 5105404"}
{"product_name": "Filterhülsen", "brand": "goldfield", "regular_price": 2.75, "selling_price": 2.75, "price_per_unit": "pro 200 Stück |", "breadcrumb": "Sortiment > Sortiment > Filterhülsen", "pdp_url": "https://sortiment.lidl.ch/de/filterhuelsen-0022586", "product_description": "Artikelnr.: 22586"}
{"product_name": "Winston Classic B", "brand": "", "regular_price": 8.49, "selling_price": 8.49, "price_per_unit": "pro 20 Stück |", "breadcrumb": "Sortiment > Sortiment > Winston Classic B", "pdp_url": "https://sortiment.lidl.ch/de/winston-classic-b-0002997", "product_description": "Artikelnr.: 2997"}
{"product_name": "Muratti Ambassado", "brand": "", "regular_price": 9.49, "selling_price": 9.49, "price_per_unit": "pro 20 Stück |", "breadcrumb": "Sortiment > Sortiment > Muratti Ambassado", "pdp_url": "https://sortiment.lidl.ch/de/muratti-ambassado-0002710", "product_description": "Artikelnr.: 2710"}
{"product_name": "Chesterfield Original Box", "brand": "chesterfield", "regular_price": 7.79, "selling_price": 7.79, "price_per_unit": "pro 20 Stück |", "breadcrumb": "Sortiment > Sortiment > Chesterfield Original Box", "pdp_url": "https://sortiment.lidl.ch/de/chesterfield-original-box-0002416", "product_description": "Artikelnr.: 2416"}
{"product_name": "Parisienne Jaune Box", "brand": "parisienne", "regular_price": 8.09, "selling_price": 8.09, "price_per_unit": "pro 20 Stück |", "breadcrumb": "Sortiment > Sortiment > Parisienne Jaune Box", "pdp_url": "https://sortiment.lidl.ch/de/parisienne-jaune-box-0002112", "product_description": "Artikelnr.: 2112"}
{"product_name": "Parisienne Blonde Box", "brand": "parisienne", "regular_price": 8.09, "selling_price": 8.09, "price_per_unit": "pro 20 Stück |", "breadcrumb": "Sortiment > Sortiment > Parisienne Blonde Box", "pdp_url": "https://sortiment.lidl.ch/de/parisienne-blonde-box-0002110", "product_description": "Artikelnr.: 2110"}
{"product_name": "Camel Box-Camel Bo", "brand": "", "regular_price": 9.09, "selling_price": 9.09, "price_per_unit": "pro 20 Stück |", "breadcrumb": "Sortiment > Sortiment > Camel Box-Camel Bo", "pdp_url": "https://sortiment.lidl.ch/de/camel-box-camel-bo-0001204", "product_description": "Artikelnr.: 1204"}
{"product_name": "Winston Balanced Blue Box", "brand": "winston", "regular_price": 8.09, "selling_price": 8.09, "price_per_unit": "pro 20 Stück |", "breadcrumb": "Sortiment > Sortiment > Winston Balanced Blue Box", "pdp_url": "https://sortiment.lidl.ch/de/winston-balanced-blue-box-0001203", "product_description": "Artikelnr.: 1203"}
{"product_name": "Kent Surround Original", "brand": "kent", "regular_price": 8.79, "selling_price": 8.79, "price_per_unit": "pro 20 Stück |", "breadcrumb": "Sortiment > Sortiment > Kent Surround Original", "pdp_url": "https://sortiment.lidl.ch/de/kent-surround-original-0001202", "product_description": "Artikelnr.: 1202"}
{"product_name": "Marlboro Gold Box", "brand": "marlboro", "regular_price": 8.79, "selling_price": 8.79, "price_per_unit": "pro 20 Stück |", "breadcrumb": "Sortiment > Sortiment > Marlboro Gold Box", "pdp_url": "https://sortiment.lidl.ch/de/marlboro-gold-box-0001200", "product_description": "Artikelnr.: 1200 *Konkurrenzvergleich:  29.05.2024"}
{"product_name": "Marlboro Rot Box", "brand": "marlboro", "regular_price": 8.79, "selling_price": 8.79, "price_per_unit": "pro 20 Stück |", "breadcrumb": "Sortiment > Sortiment > Marlboro Rot Box", "pdp_url": "https://sortiment.lidl.ch/de/marlboro-rot-box-0001199", "product_description": "Artikelnr.: 1199 *Konkurrenzvergleich:  29.05.2024"}
{"product_name": "Brunette Filter Soft", "brand": "brunette", "regular_price": 9.29, "selling_price": 9.29, "price_per_unit": "pro 20 Stück |", "breadcrumb": "Sortiment > Sortiment > Brunette Filter Soft", "pdp_url": "https://sortiment.lidl.ch/de/brunette-filter-soft-0001198", "product_description": "Artikelnr.: 1198"}
